3956 5248
429 555 493 620 412
975 547 1263 619 AUCTARIUM.
1356 551 1804 635 [mscn.ecxxv11.‚ncxxv1n.

494 740 524 806 4.
546 737 726 814 ἘΕωτικόν
770 735 842 801 Ηοο
854 749 900 800 est
915 734 1000 821 quod
1013 734 1048 798 in
1065 733 1190 822 Smym.
1205 757 1236 802 n.
1247 753 1307 800 cn.
1329 733 1466 813 effertur,
1483 739 1538 814 Μὴ
1553 739 1753 820 προσήκοντα
1766 741 1806 822 τῷ

429 850 519 930 γένει,
536 846 590 921 Μὴ
605 841 800 929 διαφέροντα,
818 845 871 919 Μὴ
887 843 964 908 ὄντα
987 843 1019 910 ἐκ
1040 845 1233 925 τοῦγένους,
1256 838 1291 904 in
1305 862 1358 906 vv.
1374 841 1453 906 9..
1498 838 1589 906 Cous.
1612 838 1755 906 Fellows.
1775 838 1806 904 in

430 950 571 1015 Tloens.'¹
587 949 645 1016 Ὦ.
661 947 794 1035 Εὐτύχει
809 944 1016 1034 συνεχωρήθη
1032 945 1141 1013 δοῦναι
1157 943 1314 1022 ἐξωτικοῖς
1329 947 1525 1033 συγχώρημα
1541 977 1567 1014 κ.
1580 977 1609 1013 τ.
1618 945 1651 1012 λ.

496 1059 526 1124 5.
550 1061 660 1130 Δώσει,
675 1069 734 1122 ete.
778 1055 970 1142 Interpretor
984 1052 1143 1140 duplicem
1164 1052 1257 1120 fuisse
1280 1052 1420 1132 multam,
1435 1069 1468 1119 et
1490 1051 1597 1120 aerario
1618 1051 1806 1141 pendendam

432 1176 464 1230 et
478 1159 771 1246 Quinquenualibus
787 1159 944 1230 Romanis.
980 1159 1112 1226 Smnrna
1125 1157 1287 1249 utriusque
1301 1172 1368 1224 erat
1382 1159 1508 1224 fortasse
1523 1159 1633 1226 eadem
1647 1184 1655 1238 ;
1677 1159 1731 1226 aed
1744 1171 1807 1246 post

433 1272 599 1356 ἱερώτατον
614 1267 717 1332 deleta
730 1267 853 1334 fuerant
867 1267 954 1355 sigla.

498 1374 754 1459 Quinquennales
773 1375 866 1440 fuisse
881 1398 1017 1440 summos
1031 1375 1239 1462 magistrarum,
1254 1375 1306 1442 vel
1321 1374 1440 1440 IIviros
1459 1373 1511 1440 vel
1530 1373 1676 1452 IVvims,
1689 1373 1746 1460 qui
1758 1396 1807 1460 per

435 1480 683 1566 quinquennium
706 1505 754 1546 res
778 1481 971 1547 coloniarum
994 1479 1261 1558 administrabant,
1285 1480 1482 1546 notissimum
1504 1495 1560 1546 est.
1603 1479 1695 1545 Cous.
1722 1479 1806 1566 Spu·

434 1587 791 1674 sianum⁰,Apuleium1³,
812 1587 918 1654 titulos
939 1589 1019 1654 bene
1036 1587 1174 1664 multos,
1197 1603 1229 1654 et
1248 1589 1330 1654 inter
1349 1588 1546 1668 redentiores,
1561 1589 1596 1654 in
1615 1587 1735 1654 lexico
1747 1613 1805 1664 suo,

435 1692 612 1758 Pitiscum¹:
635 1716 779 1758 nummos
800 1717 924 1778 quoque
944 1693 1029 1781 apud
1049 1692 1259 1772 Eckheliumt
1274 1693 1329 1781 qui
1347 1709 1381 1762 et
1398 1694 1596 1784 magistratus
1609 1695 1692 1784 ipsos
1706 1707 1806 1762 tractat

434 1813 466 1863 et
477 1798 630 1864 Praefeott.
644 1798 911 1884 Quinquennales‚
926 1813 985 1864 etc.

498 1905 699 1970 Exstiterunt
719 1929 844 1991 quoque
860 1904 1011 1971 Censores
1031 1904 1289 1992 Quinquennales
1309 1929 1442 1992 quorum
1465 1919 1532 1972 erat
1553 1905 1667 1972 multas
1687 1907 1721 1972 in
1740 1929 1805 1972 mra-

435 2006 516 2070 rium
541 2005 1012 2094 inferendesexigere²3horu1n
1027 2031 1102 2076 vero
1117 2009 1269 2076 rationem
1284 2009 1393 2078 haberi
1407 2033 1470 2076 non
1485 2025 1578 2098 puto3
1601 2011 1804 2100 praefeetorum

435 2127 548 2200 potrus.

1011 2238 1238 2305 COXXVIII.

501 2387 530 2448 2.
556 2385 750 2476 Περίβολον.
784 2383 869 2450 Vide
885 2385 912 2448 F
914 2383 1003 2450 ascio.
1019 2409 1065 2474 pr.
1081 2385 1129 2451 tit.
1146 2407 1200 2450 xv.

501 2489 582 2554 Idid.
607 2495 799 2580 Κενόσορος.
824 2491 877 2558 sio
890 2491 925 2556 in
936 2515 1095 2580 praegress.
1106 2496 1372 2584 ν.1.κενοτάφιον.
1397 2491 1653 2582 Distinguiturin
1666 2492 1804 2583 Digestt.⁰

436 2599 519 2664 inter
540 2601 706 2686 sepulerum
728 2612 754 2666 et
772 2611 994 2666 monuuwnurm
1010 2602 1161 2666 memoriis
1175 2601 1398 2688 causasactum,
1415 2603 1494 2688 φιοᾶ
1515 2599 1614 2668 Greci
1635 2603 1806 2686 κενοτάφιον

437 2705 597 2793 appellant.
643 2703 721 2771 Haee
737 2704 871 2770 Romani
886 2706 1001 2782 inania,
1013 2727 1115 2782 uacua,
1127 2705 1297 2782 honoraria,
1312 2706 1486 2782 vocabant3
1508 2704 1562 2771 sed
1581 2729 1600 2770 a
1621 2728 1654 2770 re
1673 2701 1805 2794 prasenti

438 2817 539 2884 aliena
554 2841 619 2882 esse
638 2815 723 2882 tituli
741 2829 871 2880 monent
889 2815 961 2903 ipsi.
1005 2815 1197 2903 Interpretor
1219 2816 1323 2903 potius
1345 2828 1535 2883 οιοοννιοιεο
1552 2839 1647 2904 pum,
1670 2815 1705 2880 in
1725 2835 1806 2880 sensu

438 2921 591 3009 Ulpiani,
607 2921 662 2986 ubi
677 2921 716 2986 de
731 2919 912 2985 venditione
926 2919 1138 3006 sepulcrorum
1153 2920 1229 3006 agit,
1244 2921 1392 2986 nimirum
1406 2921 1439 2986 in
1455 2921 1568 3008 quibus
1582 2921 1722 2987 nondum
1735 2918 1806 3009 posi-

438 3044 506 3098 tum
520 3029 621 3094 fuerat
635 3029 784 3106 cadaver;
800 3049 925 3114 prorsus
939 3039 976 3090 ut
990 3027 1098 3094 κοινὸν
1114 3025 1245 3112 ἀγγεῖον
1261 3025 1295 3088 in
1310 3025 1402 3092 titulo
1419 3026 1580 3113 Smyrnaeo
1595 3025 1715 3090 dudum
1732 3023 1806 3089 edito

439 3162 459 3202 a
472 3136 613 3202 Patino'.
650 3133 785 3200 (litanda
795 3157 919 3220 quoque
934 3134 1066 3199 veniunt
1082 3133 1113 3198 S.
1129 3133 1282 3198 Johann.¹
1299 3141 1460 3220 Μνομεῖον
1475 3135 1594 3212 κοινόν,
1610 3137 1644 3202 ἐν
1658 3133 1683 3221 qi
1698 3131 1807 3201 οὐδέπω

439 3239 543 3316 οὐδεὶς
564 3239 658 3320 ἐτέθη.
713 3237 892 3324 conjeceris
906 3237 979 3303 ideo
1002 3237 1036 3302 in
1052 3237 1164 3302 nostris
1185 3239 1261 3326 poni
1275 3243 1458 3327 κενόσορος,
1478 3243 1671 3327 κενοτάφιον,
1686 3263 1739 3327 pro
1752 3267 1807 3308 κοι-

442 3349 590 3432 νόσορος,
605 3359 663 3410 etc.
679 3345 711 3410 h.
723 3369 750 3414 e.
767 3375 779 3413 ε
794 3369 851 3432 pro
865 3376 905 3422 αι,
921 3361 956 3410 ut
970 3345 1004 3409 in
1019 3369 1112 3431 quam
1127 3345 1279 3432 plurimis.

505 3451 536 3516 6.
558 3451 728 3538 Ἡγεμόνο.
772 3451 867 3516 Fides
881 3450 956 3515 huic
971 3451 1187 3538 supplemento
1200 3451 1320 3517 accedit
1334 3475 1376 3515 ex
1390 3452 1439 3516 tit.
1451 3451 1621 3539 Aphrodis.
1634 3473 1753 3517 nxxvrr.
1764 3451 1806 3515 11.

444 3557 482 3622 Iu
493 3556 556 3620 fine
571 3577 677 3620 versus
693 3553 825 3621 scribere
840 3555 995 3644 potuerim
1010 3556 1044 3620 in
1058 3556 1190 3622 minusc.
1207 3556 1317 3643 ἄνδρα,
1333 3557 1400 3624 scil.
1412 3559 1570 3625 Antonin.

475 3759 486 3782 ¹¹
504 3753 582 3812 Lycia,
596 3751 699 3810 Append
709 3749 738 3798 Α.
750 3764 789 3798 nn.
803 3753 855 3798 134.
869 3753 890 3798 6.
906 3753 958 3798 185.
971 3751 992 3796 3.
1162 3779 1164 3785 ·
1191 3753 1199 3782 ¹
1217 3751 1276 3811 lmn
1289 3753 1407 3800 Oorutant.
1420 3754 1470 3802 Lib.
1482 3767 1537 3801 xm.
1549 3755 1605 3803 eod
1614 3754 1722 3803 'l'neodoa
1736 3755 1776 3801 ru
1787 3753 1806 3798 ἲ.

475 3844 486 3866 ⁰
502 3837 532 3884 In
542 3837 654 3884 Hadrian.
666 3847 722 3882 xix.
1158 3835 1212 3894 leg.
1222 3839 1242 3882 l.

477 3927 489 3964 a
504 3921 656 3980 Metamorph.
677 3933 704 3969 x.
722 3920 781 3968 med
800 3933 823 3980 p.
842 3921 897 3968 289.
915 3932 950 3966 xr.
963 3919 1002 3966 fin.
1014 3933 1036 3978 p.
1052 3921 1106 3968 279.
1189 3926 1200 3952 ⁸
1217 3919 1340 3968 Florurtin.
1352 3920 1401 3968 Lib.
1411 3933 1445 3968 ιι.
1459 3921 1503 3968 ru.
1514 3925 1534 3968 7.
1548 3921 1602 3982 bag.
1615 3924 1654 3970 42.

444 4007 487 4054 Ed.
499 4007 590 4066 Bipont
1189 4007 1199 4034 v
1215 4003 1303 4062 Digna
1315 4002 1365 4050 mu
1377 4015 1414 4050 ιι.
1426 4003 1471 4050 ru.
1484 4005 1506 4052 7.
1519 4003 1575 4064 rag.
1588 4006 1610 4052 6.

476 4101 487 4132 a
504 4092 569 4140 Gom.
580 4090 633 4138 intr.
644 4090 680 4137 rit
695 4101 761 4138 ocur.
773 4089 800 4135 tr.
812 4089 836 4138 b.
846 4103 866 4136 c.
885 4089 976 4137 Gruter.
993 4103 1015 4148 p.
1028 4101 1108 4136 cxxv.
1190 4093 1204 4120 ⁸
1216 4087 1301 4136 Fasuic.
1312 4099 1329 4134 r.
1340 4087 1385 4136 'ltr-
1395 4105 1418 4148 y.
1431 4090 1454 4136 5.
1464 4091 1485 4136 7.
1498 4101 1550 4148 pag.
1558 4089 1614 4136 202.

446 4173 988 4236 uanasynngmmtvunsaetdplur.
1190 4171 1541 4231 ’‘Canuteontfflnc.
1554 4175 1681 4224 nutat.
1698 4171 1806 4223 sunu

477 4266 486 4292 Γ
506 4259 557 4306 vot
566 4271 605 4306 ru.
617 4274 639 4318 μ
651 4261 705 4306 240.
718 4272 740 4305 ι.
1158 4269 1243 4308 xxvia
1254 4259 1292 4305 60.

478 4353 486 4376 ¹
506 4345 582 4392 Doctr.
595 4343 624 4392 N.
637 4343 666 4390 V.
676 4343 724 4391 vol.
738 4356 770 4390 rr.
782 4355 820 4402 pp.
833 4345 887 4390 476.
900 4356 928 4389 ss
