4004 5264
174 571 485 662 macaron-oa]
681 568 1074 636 HALICARNASSL'S.
1529 572 1570 637 73

175 765 399 870 Μένανδρος
428 763 489 846 καὶ
513 758 744 868 Μηνόδωρος
764 761 1012 868 Μηνοδώρου,
1032 769 1099 843 τοῦ
1117 759 1379 866 Ἀντιπάτρου,
1401 759 1569 870 Μόσχον

177 895 359 1004 Μόσχον,
379 906 446 979 τοῦ
466 896 709 1003 Μοσχίωνος,
729 898 861 1000 ἀρετῆς
881 897 1003 977 ἕνεκεν
1022 899 1082 976 καὶ
1103 895 1245 981 εὐνοίας
1265 897 1325 977 καὶ
1356 898 1570 1000 εὐεργεσίας

261 1035 327 1132 τῆς
347 1035 398 1116 είς
417 1027 562 1116 αὐτούς.
620 1026 893 1134 Ἀρτεμίδωρος
913 1027 1149 1133 Μηνοδώρου
1168 1025 1305 1134 Τύριος
1324 1030 1493 1132 ἐποίησε.

254 1205 399 1280 Titulus
425 1206 549 1280 basem
576 1205 737 1278 ornabat.
791 1205 956 1302 Sarapias
986 1204 1162 1302 quaedam,
1186 1202 1322 1277 semina
1343 1204 1571 1278 Halicarnas-

176 1330 302 1416 eensis,
332 1329 468 1426 filiique
503 1331 581 1426 ejus
608 1328 833 1406 Menandrue
867 1343 904 1406 et
934 1331 1167 1417 Menodorus‚
1201 1327 1395 1403 Moschum
1429 1329 1568 1404 honore

177 1455 326 1548 (statua,
343 1450 482 1547 opinor,
499 1449 635 1548 posita)
654 1465 924 1548 prosequuntur
940 1452 988 1524 ob
1006 1449 1291 1524 benivolentiam
1309 1451 1388 1548 ejus
1405 1463 1443 1524 et
1456 1450 1572 1524 officia

175 1571 215 1642 in
233 1571 379 1644 illorum
397 1570 549 1668 gratiam
565 1583 718 1666 peracta.

245 1689 478 1786 Descriptum
488 1688 601 1762 habui
614 1688 659 1761 de
671 1687 790 1786 lapide
800 1689 840 1761 in
851 1687 979 1763 eodem
989 1687 1097 1762 horto
1107 1714 1189 1762 oum
1205 1688 1412 1788 supradicto
1424 1692 1461 1764 in
1473 1717 1571 1791 argg.

176 1831 267 1885 xcn.
287 1833 312 1882 s.
330 1819 506 1896 exstante,
523 1833 572 1882 ex
589 1832 662 1904 quo
680 1808 818 1882 contuli
835 1833 918 1882 oum
941 1833 1063 1907 apogr.
1083 1810 1253 1883 Borrellii
1271 1810 1370 1906 quod
1387 1812 1434 1884 ad
1451 1837 1572 1886 exem·

177 1927 258 2025 piar
276 1925 585 2002 Cadalvenianum
610 1927 754 2002 fecerat.
805 1931 935 2003 Insunt
961 1931 1137 2028 diserepp.
1165 1931 1203 2004 in
1221 1957 1253 2004 v.
1274 1935 1304 2004 1.
1322 1938 1566 2007 ΣΑΡΑΤΙΑΣ.

178 2047 257 2121 sub.
276 2046 338 2120 fin.
356 2052 689 2123 ΙΑΤΑΟΥΓΑΤΙΟ.
750 2051 845 2123 1112.
867 2056 1141 2125 ΜΕΝΑΔΡΟΥ.
1208 2053 1252 2124 In
1271 2053 1303 2124 3.
1320 2057 1572 2138 ΥΟΘΕΣΙΑΝ,

179 2169 265 2242 satia
283 2167 483 2266 probabile,
502 2167 567 2241 sed
583 2193 667 2242 oum
683 2174 780 2244 ΥΙΟΙ
800 2169 838 2242 in
865 2195 899 2244 v.
924 2172 955 2244 4.
976 2171 1095 2244 minus
1112 2196 1323 2271 congruum.
1374 2173 1418 2246 In
1437 2173 1573 2270 penult.

181 2291 515 2362 ΜΗΝΟΔΩΤΟΥ.

466 2453 508 2530 C.
535 2453 570 2526 k.
1184 2456 1245 2532 CI.
1271 2457 1293 2530 l.

336 2647 496 2667 .....
522 2600 695 2668 ΙΡΗΣΗΑ
1005 2601 1409 2672 ΟΙΔΕΔΙΚΑΙΟΣΥΝΗ

409 2713 624 2783 ΙΤΟΥΤΟΤ
1005 2714 1497 2784 ΑΣΤΟΙΣΚΑΙΞΕΙΝΟΙΣΙΝ

334 2825 636 2894 ΗΟΡΥΞΑΙΕΞΩ
1005 2825 1574 2896 ΟΥΔΕΜΙΑΣΚΕΡΔΕΙΠΡΟΣΘ

333 2945 647 3015 ΛΗΣΚΑΙΠΑΝΩ

284 3057 306 3126 5
334 3059 631 3128 ΛΗΣΕΣΤΩΚΑΙ

335 3172 361 3237 Γ
363 3169 573 3240 ΕΝΟΣΕΚΓ
575 3172 731 3240 ΕΝΟΥΣ

338 3282 581 3352 ΚΑΙΜΗΤΕΓ
583 3283 676 3353 ΗΒΑ

331 3394 673 3465 ΤΗΑΥΤΩΜΗΤΕ

333 3508 726 3579 ΘΑΛΑΟΟΑΠΛΩΤΗ

185 3677 219 3751 k.
247 3668 340 3750 Ἐὰν
359 3669 404 3750 δι’
426 3705 480 3755 τις
501 3667 721 3775 ἐπιχειρήσῃ
742 3667 888 3774 ἀνοῖξαι
912 3675 1023 3748 τοῦτο
1043 3661 1085 3746 τὸ
1101 3663 1223 3770 ἡρῷον
1241 3657 1265 3763 ἢ
1281 3659 1413 3768 ὀρύξαῖ
1434 3657 1577 3765 ἐξώλης

186 3805 246 3883 καὶ
271 3801 447 3902 πανώλης
474 3801 585 3898 ἔστω,
613 3797 673 3880 καῖ
696 3799 803 3902 γένος
827 3801 867 3878 ἐκ
890 3796 1033 3900 γε’νους,
1064 3796 1124 3874 καὶ
1154 3789 1246 3894 μήτε
1277 3797 1325 3895 γῆ
1354 3786 1452 3890 βατὴ
1480 3789 1577 3894 αὐτῷ

184 3933 277 4036 μήτε
297 3931 480 4015 θάλασσα
499 3931 630 4033 πλωτή
665 3966 1576 3992 ....................

466 4113 488 4187 l.
526 4109 576 4185 Οἱ
597 4108 637 4184 δε
657 4101 875 4209 δικαιοσύνῃ
906 4144 1296 4163 ·········

520 4236 674 4322 Ἀστοῖς
697 4239 756 4318 καὶ
777 4235 959 4342 ξείνοισιν
997 4278 1296 4295 -------

374 4453 379 4464 .
523 4371 708 4471 Οὐδεμιᾶς
728 4368 847 4473 κε’ρδει
866 4373 997 4472 τροσθ
1045 4411 1295 4427 ------

253 4519 369 4564 HSCIC.
387 4519 423 4564 11.
877 4514 896 4557 Ι.
