3952 5238
158 576 559 658 rusca.1.xxxr.,1.xxxu.]
689 570 1015 638 APHRODISIAS.
1490 575 1550 639 331

215 757 419 826 Seleucenses
435 756 496 824 sibi
506 757 685 824 libertatem
693 755 897 824 vindicabant
907 757 989 824 inter
1000 759 1170 827 discordias
1179 761 1309 826 fratrum
1321 759 1550 826 Antiochorum

158 870 487 950 vrr.etv111.,ctboc
504 869 539 934 in
558 867 697 935 nummis
717 891 826 934 eorum
849 893 1033 957 expressum
1057 871 1201 938 videmus
1227 897 1246 938 a
1266 869 1300 934 Δ
1314 873 1471 960 usquead
1492 869 1550 935 At<

159 978 337 1069 progressis.
384 977 518 1043 Initium
545 975 673 1064 epoche
696 987 764 1040 erat
783 997 832 1039 an.
857 975 899 1042 U.
917 974 955 1041 Ο.
979 977 1064 1042 6450.
1119 975 1267 1043 Nummis
1291 1001 1400 1043 eorum
1425 977 1551 1042 videtur

159 1109 252 1152 aeram
267 1083 493 1172 Pompeianam
509 1079 688 1168 abjudicare
706 1077 881 1144 Eckhelius
901 1101 997 1164 quam
1012 1079 1201 1145 Pellerinius
1215 1080 1249 1144 in
1264 1081 1401 1167 quodam
1415 1081 1550 1146 Antinoi

158 1189 335 1279 conspexit,
346 1188 402 1256 sed
415 1188 498 1254 hanc
512 1185 546 1252 in
560 1189 624 1251 suis
643 1183 803 1250 admisisse
820 1183 1010 1262 Gadarenos‚
1026 1184 1291 1273 Philadelphenos
1305 1199 1338 1252 et
1349 1186 1477 1252 Gazaeos
1491 1201 1551 1252 sta-

159 1295 238 1373 tuit‘,
253 1293 382 1360 initium
396 1291 586 1359 facientibus
605 1290 669 1356 illis
689 1314 707 1355 a
726 1303 801 1356 nota
815 1290 945 1378 apocha,
966 1291 1008 1357 U.
1021 1290 1058 1356 C.
1072 1291 1156 1370 690„
1171 1291 1220 1357 bis
1234 1316 1309 1358 vero
1323 1292 1452 1359 biennio
1471 1307 1551 1381 post,

159 1414 286 1492 propter
299 1423 348 1467 res
363 1397 503 1479 afflictas,
520 1399 603 1465 sicut
617 1423 636 1464 a
649 1398 790 1464 Norisio⁸
805 1398 1000 1487 explicatum
1015 1399 1176 1466 babemus.

223 1506 375 1594 Denique
389 1505 574 1594 exemplum
588 1505 714 1594 insigne
735 1519 885 1594 prestant
899 1505 1150 1572 Laodicenorum
1168 1505 1345 1573 Seleucidis
1359 1507 1482 1572 nummi
1497 1507 1551 1593 qui

159 1611 287 1702 epocha
302 1612 470 1679 exordium
493 1611 614 1679 faciunt
638 1635 712 1678 cum
734 1627 904 1678 auctumno
929 1612 1004 1678 anni
1030 1612 1073 1680 U.
1086 1612 1123 1679 Ο.
1144 1613 1215 1677 706.
1259 1611 1395 1678 Oausam
1409 1613 1548 1679 maxime

158 1718 354 1808 probabilem
374 1717 555 1806 suppeditat
578 1717 729 1796 Hirtiusl,
751 1719 816 1785 scil.
841 1719 928 1805 quod
947 1719 1051 1785 Caesar
1076 1719 1111 1784 in
1137 1742 1211 1784 vere
1234 1718 1309 1784 anni
1333 1719 1479 1807 proxime
1503 1743 1548 1786 se·

159 1823 284 1912 quentis
298 1847 355 1914 per
371 1822 496 1911 Syriam
510 1823 668 1911 profectus
683 1822 831 1888 adversus
841 1821 1036 1887 Pharnacem
1050 1821 1222 1888 honoribus
1231 1834 1264 1888 et
1272 1823 1409 1908 praemiis
1417 1837 1550 1888 auxerat

160 1932 303 1998 civitates
317 1931 385 2018 ejus
399 1927 593 1994 illustriores.
637 1925 772 2016 Colligit
786 1927 904 1994 exiude
919 1927 1071 1994 Norisius¹
1085 1927 1292 1994 Laodicenses
1307 1942 1383 1996 tunc
1398 1931 1549 2016 temporis

161 2035 333 2104 obtinuisse
347 2036 386 2103 ab
408 2035 595 2122 imperatore
617 2031 829 2100 autonomiam
853 2031 976 2119 aliaque
998 2031 1173 2122 privilegis,
1199 2031 1275 2099 hinc
1298 2033 1450 2120 epocham
1475 2058 1551 2100 con·

161 2143 307 2210 stituisse.

228 2249 282 2314 Ad
295 2248 381 2316 huno
402 2245 533 2312 modum
558 2257 707 2312 excutere
732 2242 808 2310 licet
830 2241 1037 2332 singularium
1051 2241 1178 2309 urbium
1192 2243 1327 2330 epochas
1349 2267 1481 2330 quarum
1504 2268 1551 2310 re-

161 2355 266 2422 censio
284 2353 377 2420 datur
392 2355 432 2420 ab
448 2350 606 2418 Eckhclio
621 2351 655 2416 in
669 2349 773 2438 capite
788 2349 891 2437 operis
906 2348 945 2414 de
960 2349 1192 2416 characteribus
1213 2348 1474 2437 chronologicis¹3
1496 2351 1552 2416 sed

163 2461 283 2528 diutius
297 2460 331 2524 in
345 2459 395 2526 his
409 2456 569 2526 immorari
583 2455 779 2545 propositum
794 2467 935 2520 nostrum
948 2477 1014 2518 non
1029 2455 1148 2520 suadet.

245 2569 275 2632 6.
297 2568 492 2654 Ἀπόγονος,
507 2566 651 2652 ἔκγονος.
686 2560 773 2628 Vide
787 2573 852 2626 not.
868 2558 908 2625 ad
923 2559 971 2624 tit.
989 2580 1104 2624 txxtv.
1124 2561 1155 2624 4.
1176 2559 1263 2626 etde
1279 2561 1550 2649 ἆφηρωῖσθήσεται

163 2675 196 2742 iu
211 2699 243 2740 v.
257 2680 287 2743 9.
303 2687 368 2740 not.
383 2673 462 2740 ibid.
480 2672 520 2740 ad
537 2672 587 2736 12.

769 2838 952 2904 LXXXII.

228 2989 257 3053 3.
282 2990 505 3076 Σνγχώρησιν.
545 2981 632 3052 Vide
645 2995 710 3048 not.
726 2981 766 3049 ed
780 3001 880 3046 nxxv.
897 2983 927 3048 9.

228 3095 279 3159 11.
304 3099 420 3181 Χωρίς.
465 3089 581 3158 Sensus
595 3101 651 3168 est,
667 3086 734 3153 sine
748 3107 901 3152 consensu
914 3084 1082 3172 impetrato
1101 3083 1277 3171 Apollonii,
1293 3084 1377 3150 utin
1391 3106 1504 3152 unx.
1521 3088 1551 3153 6.

164 3198 308 3288 supplevi
324 3204 427 3288 χωρὶς
439 3203 504 3266 τῶν
516 3199 673 3285 ἐγγόνων,
688 3205 748 3260 etc.
763 3192 815 3260 vel
824 3203 948 3280 prater,
962 3205 999 3256 ut
1013 3213 1069 3255 nos
1085 3189 1229 3269 dicimus,
1245 3191 1365 3258 decidas.
1382 3193 1553 3280 acdneively

165 3309 204 3396 of,
220 3305 276 3394 qui
291 3306 423 3371 obV.est
444 3303 479 3369 in
502 3302 543 3368 N.
557 3301 598 3366 T.
615 3308 719 3390 χωρὶς
743 3303 904 3386 γυναικῶν
926 3301 976 3362 καὶ
997 3293 1149 3362 raadtovl
1194 3292 1284 3359 (lonf.
1301 3293 1413 3360 Lexic.
1428 3295 1550 3362 Herod.

166 3411 460 3500 Schweighiiuserim
474 3409 514 3476 de
537 3431 626 3488 voce,
650 3423 684 3474 et
701 3405 814 3494 Viger.
839 3403 878 3469 de
903 3399 1075 3466 Idiotism.¹¹
1128 3399 1192 3466 Sed
1214 3397 1249 3466 in
1268 3423 1392 3466 sermm
1416 3402 1552 3490 priorem

164 3517 263 3606 magis
276 3515 424 3606 proclivis
449 3539 527 3593 sum,
542 3513 595 3580 cui
618 3512 785 3600 analogum
800 3505 1009 3596 eonspIcimus
1031 3506 1066 3570 in
1091 3509 1182 3572 sacr.o
1206 3512 1309 3594 χωρὶς
1323 3508 1428 3586 αὑτοῦ,
1444 3508 1554 3595 absque

173 3623 262 3692 Verbi
283 3625 313 3689 oi
341 3624 500 3688 amaa.-
522 3619 566 3686 sie
591 3627 693 3709 χωρὶς
707 3620 781 3686 'Ara
800 3615 906 3696 fuerit,
930 3615 1046 3701 absque
1069 3611 1267 3680 concessione
1287 3613 1552 3703 (συγχωρήσεως)

156 3731 244 3816 sacta
258 3729 297 3793 ab
308 3727 484 3818 Apollonio.
508 3725 596 3794 Vide
610 3726 680 3792 loca
694 3723 930 3792 aSchleusnero
944 3721 979 3786 in
995 3726 1097 3810 χωρίς
1112 3731 1281 3808 congestas.

196 3952 208 3979 ⁸
223 3945 366 3995 Eaehbebnbi
374 3957 435 4004 supr.
447 3955 470 4002 p
480 3943 534 3990 827.
547 3955 569 3988 a.
918 3930 923 3963 ¹
945 3933 969 3982 8.
979 3933 1064 3980 Matth.
1073 3945 1128 3979 xrv.
1141 3933 1180 3978 21.

200 4029 209 4065 ¹
223 4033 340 4092 Ublsnpr.
353 4045 393 4092 pp.
402 4031 458 4078 850.
467 4043 487 4076 s.
500 4027 586 4076 soah.
917 4024 935 4050 ¹¹
946 4018 998 4065 Vol.
1010 4031 1039 4066 11.
1051 4019 1137 4079 p88l.
1150 4033 1169 4066 s.

197 4129 209 4164 1
225 4117 364 4169 Vadeltekh.
374 4117 413 4164 ubi
424 4129 486 4175 supr.
498 4127 520 4174 p.
533 4115 590 4162 tos.
601 4127 622 4160 a
918 4111 929 4136 ¹·
946 4119 982 4154 un
993 4107 1015 4152 9.
1028 4107 1051 4152 8.
1060 4119 1090 4152 aa

198 4201 538 4253 *nonsummurmxa
916 4191 1129 4239 vsoohansa.

200 4285 552 4344 'V'rdeEckbm.p.819.a
916 4275 1320 4324 ⁹IaxiaN.T.voI11.nltvera

199 4371 210 4406 ¹¹
227 4371 279 4420 vot
289 4383 324 4418 rv.
338 4383 376 4429 pp
386 4369 440 4416 877.
453 4381 482 4414 sa

816 4443 908 4507 lul
