3972 5240
140 537 387 618 mecedem]
749 531 913 598 PERGA.
1473 533 1535 598 225

141 724 201 804 καὶ
230 720 403 830 ἀδελφὴν
432 725 606 811 Ούλπίας
625 721 878 831 Ἀρτεμισίας,
908 720 1134 831 ἄρχιερείων,
1154 720 1313 809 Λούκιος
1343 720 1532 808 Κλαύδιος

139 856 325 945 Ῥοτίλιος
355 861 518 966 Οὔαρος,
551 860 714 965 ἔπαρχος
747 857 889 940 ἱππέων
927 857 1031 959 εἴλης
1067 858 1217 963 πρώτης
1249 863 1437 955 κολωνῶν,
1471 861 1531 938 καὶ

141 988 299 1077 Λούκιος
339 989 527 1078 Κλαύδιος
561 989 796 1078 Ποπιλιανός
827 989 1064 1095 Ἀγελλῖνος,
1108 993 1304 1096 χιλίαρχος
1346 997 1530 1093 λεγεῶνος

238 1129 275 1228 (-
294 1169 311 1182 ·
331 1126 606 1229 Φλοβιανῆςῖ),
625 1119 694 1224 τὴν
712 1119 867 1226 μύμμην
886 1128 921 1204 οἱ
947 1122 1096 1232 ἔγγονοι
1117 1130 1183 1230 (sc.
1197 1117 1410 1224 ἐτίμησαν).

446 1449 1319 1528 ΙΙ“ΙΕ“1Μ9ῨΝΘΕΑΣΑΡ“ΙἜΜΙΔοΣΑΣΥΛΟΥ

447 1561 1223 1637 ΚΥΟΙΕΡΕΙΑΝΑΘΗΝΑ.ΑΡΙΟΥΚΛΠΑ

445 1669 940 1748 ΛΟΙΝ.ΗΑΡΤΕΜΕΙΣΙΑ.
961 1728 971 1748 .
992 1677 1183 1750 .ΤΑΤΕΡ.
1195 1675 1292 1748 ΚΑΑ

343 1777 366 1850 5
445 1783 1303 1856 ΛΕΙΧΚ.οΥΛΠΛΡΙλΕΜΕΙΣΙΛΣΛΡΧΙΕΥΕ9Ἑ

446 1891 1319 1968 ΛΚΛΡΟΤΕΙΛΙΟΣΟΥΑΡΟΣΕΛΑΡΧΟΣΙΠΠ

447 2002 1130 2078 ΚΙΛΗΣΑΧΟΛὯΝΕΝΚΑΙΑΚΑΠΥΟ

445 2111 1220 2190 ΑΝΟΣΛ.ΕΛΛΙΝΟΣΧΕΙΛΛΕΙΡΑ.ΑΝΗ

444 2221 1014 2300 ΤΗΝΝΑΜΜΗΝΟΙΕΓΟΝΟΚ

211 2409 359 2484 Titulus
377 2433 426 2482 ex
442 2407 650 2483 honorariis.
697 2409 819 2484 Varus
837 2406 994 2505 quidem,
1011 2406 1202 2505 praefectus
1220 2407 1382 2506 equitum
1400 2404 1525 2502 primae

138 2528 201 2604 ale
229 2529 452 2618 colonorum,
466 2543 503 2604 ct
514 2529 784 2629 Agellinus(?),
802 2526 1019 2602 chiliarchus
1032 2527 1184 2627 legionis
1194 2523 1524 2624 cujusdam(Flevi-

137 2647 264 2746 anet),
287 2647 425 2723 honore
449 2661 718 2746 prosequuntur
740 2648 856 2722 aviam
878 2645 1025 2721 iliorum
1041 2671 1123 2744 quae
1140 2647 1340 2721 sacerdotia
1366 2656 1524 2744 gesserat

135 2767 262 2842 Dienae
278 2770 446 2868 Pergaeae‚
465 2782 503 2842 et
519 2769 704 2842 Minervae.

210 2889 340 2964 Relete
356 2889 467 2964 habet
482 2889 597 2964 lector
614 2914 696 2986 quae
712 2889 920 2986 probatiora
942 2889 1047 2963 duco.
1101 2889 1225 2962 Prima
1249 2911 1331 2986 pars
1349 2886 1445 2960 tituli
1462 2886 1521 2958 ab

134 3005 202 3082 fnit
225 3009 264 3084 in
293 3033 367 3106 que
392 3009 535 3084 feminae
557 3010 707 3109 insignis
735 3034 867 3096 nomen
893 3009 1011 3085 fuerat
1037 3035 1268 3109 expressum:
1297 3035 1379 3106 quae
1401 3007 1520 3082 adhuc

135 3141 256 3203 manet
284 3129 452 3226 injuriam
479 3154 583 3228 pesse
609 3143 673 3219 est,
691 3129 782 3204 adeo
810 3144 850 3204 ut
877 3130 916 3204 in
945 3131 1152 3206 nominibus
1169 3129 1407 3230 expediendis
1433 3125 1521 3200 diffi-

135 3247 278 3323 cultatis
295 3275 370 3324 non
386 3250 478 3324 nihil
495 3251 590 3325 insit

207 3371 439 3469 Descriptum
468 3371 580 3446 hebui
608 3370 653 3445 de
681 3395 858 3446 marmore
883 3371 922 3445 ln
947 3395 1029 3446 arce
1055 3372 1204 3471 Pergaee
1232 3370 1332 3468 quod
1358 3369 1518 3446 ablatum

131 3488 241 3564 fuisse
270 3491 382 3566 credo
411 3517 432 3566 a
460 3493 645 3591 parietinis
674 3493 803 3590 templi
828 3517 942 3592 prope
965 3494 1215 3588 existentibus,
1236 3493 1386 3568 sortasse
1405 3492 1519 3590 ipsius

133 3609 267 3684 Dinnae.
327 3610 449 3686 Adest
478 3637 623 3712 quoque
656 3611 902 3711 apographum
930 3613 1133 3687 Pelliennm
1163 3613 1209 3689 ed
1238 3639 1296 3688 me
1321 3614 1520 3687 missume

131 3729 309 3805 Borrellio
336 3731 437 3830 quod
462 3733 501 3806 in
527 3733 608 3808 loco
626 3758 700 3807 uno
722 3745 760 3806 et
783 3733 897 3808 altero
923 3733 1149 3808 fructuosum
1175 3735 1305 3808 inveni
1367 3733 1516 3808 Editum

130 3852 271 3950 reperio
298 3877 320 3926 e
348 3853 502 3928 Frenno
530 3879 577 3928 ex
608 3853 750 3928 schedis
780 3879 869 3952 quas
899 3855 945 3929 ad
975 3853 1177 3930 Beekhium
1208 3857 1354 3930 miserat
1384 3854 1518 3931 Sch'dn-

131 3971 304 4062 borniua,
323 3975 387 4050 sed
409 3976 624 4052 inconcinne
641 3975 732 4051 adeo
744 3978 924 4053 contextis
942 3989 984 4053 ut
1000 3977 1046 4051 de
1060 4001 1167 4052 sensu
1180 3977 1392 4053 extricando
1409 3977 1515 4076 plane

130 4090 375 4190 desperaverit
391 4093 448 4166 vir
464 4093 600 4170 doctus.

518 4335 531 4372 ⁶
546 4335 647 4393 Franz.
661 4335 755 4394 lemm.
770 4335 806 4393 ed
820 4339 943 4397 nesta.
956 4337 979 4396 h.
996 4357 1023 4415 p.
1038 4337 1100 4400 171.

190 4446 306 4492 rescrc.
323 4448 359 4492 rr.
810 4431 829 4493 ἓ
845 4449 865 4494 ο
