3952 5238
169 598 270 648 rusus
284 586 596 669 cxxx-exustus]
712 581 1018 652 METROPOLIS.
1493 589 1553 656 351

231 769 330 833 Erant
340 782 374 834 et
383 767 453 834 uliae
466 767 726 848 elesses,Gsllioe,
739 769 888 847 Pontius3
903 769 937 835 in
945 769 1060 850 fluviis,
1071 769 1193 849 Rheno,
1207 771 1364 850 Danubio,
1376 771 1555 862 Euphrate3

167 896 287 939 necnon
297 873 450 939 Africana
464 889 497 939 et
510 873 740 954 Alexandrina,
758 875 798 941 sd
823 873 980 941 frumenta
1002 875 1036 941 in
1058 876 1169 942 urbem
1193 877 1369 955 deferenda,
1385 878 1424 943 de
1440 880 1554 966 quibus

168 1003 231 1046 non
245 995 293 1046 est
306 981 401 1067 hujus
416 979 478 1047 loei
492 979 651 1048 disserere

238 1084 331 1152 Vidus
341 1085 375 1151 in
390 1085 451 1153 hoe
463 1111 495 1151 v.
510 1085 534 1152 i.
543 1110 571 1153 e.
587 1088 678 1167 υἰυιω,
694 1086 810 1154 dicitur
820 1101 856 1154 ut
870 1087 982 1176 saepius
997 1089 1064 1166 ζῶν
1078 1087 1113 1154 iu
1129 1089 1257 1156 Grecis.
1291 1089 1377 1156 Vide
1393 1104 1458 1156 not.
1471 1115 1554 1180 supr.

168 1193 207 1259 ed
219 1213 363 1258 uxxnn.
376 1195 404 1258 1.
420 1204 453 1258 et
466 1193 547 1259 conf.
563 1209 645 1259 ocur.

779 1355 943 1422 CXXXI.

230 1508 259 1571 8.
277 1505 400 1594 Ἀβαν.
444 1501 569 1570 Nomen
583 1503 704 1570 illustre
728 1503 763 1568 in
784 1505 844 1570 heo
860 1505 999 1594 regione,
1015 1517 1052 1571 ut
1065 1506 1160 1572 refert
1176 1507 1299 1586 Strabo,
1314 1531 1469 1574 summam
1484 1509 1554 1597 dig-

166 1611 296 1677 nitatem
309 1625 446 1688 neotum,
458 1609 636 1677 foventibus
651 1610 794 1676 Antonio
808 1623 841 1678 et
855 1611 1079 1678 umssiuneule‘
1091 1612 1168 1698 ejus.

765 1825 949 1893 CXXXII.

229 1975 260 2037 1.
285 1979 473 2060 Γερμανικῷ.
527 1972 581 2039 Siu
603 1969 779 2060 appelletur
804 1971 985 2038 Hadrianus
1019 1971 1094 2059 quis
1122 1995 1180 2060 per
1208 1973 1411 2063 adoptionem
1443 1977 1551 2042 titulos

166 2077 295 2165 Trsjsni
309 2077 549 2164 conquisiverat.
594 2077 792 2143 Exstiterent
804 2091 838 2144 et
851 2075 916 2157 elii,
928 2099 1007 2164 quos
1020 2077 1194 2145 seeundum
1207 2079 1357 2146 formulas
1376 2081 1551 2148 notissimus

164 2184 254 2250 lueile
268 2183 412 2272 explebit
430 2183 537 2250 lector.
581 2183 621 2248 In
634 2183 954 2250 lsounueonfioiends
967 2205 998 2249 v.
1011 2183 1042 2250 5.
1058 2184 1143 2250 med
1159 2183 1263 2252 sdhuc
1276 2185 1391 2253 hiereo.

228 2289 322 2370 Quod
337 2289 445 2357 scribit
458 2289 656 2356 doctissimus
670 2287 834 2356 Biiekhius
856 2289 891 2355 in
906 2289 987 2357 obss.
1008 2289 1049 2356 ud
1069 2289 1131 2358 hoe
1144 2290 1365 2381 fingmentum,
1380 2317 1422 2359 so.
1435 2293 1551 2359 Dubito

163 2419 203 2460 un
217 2418 278 2461 non
291 2397 334 2461 od
346 2395 566 2484 sarooploqum
578 2396 640 2460 loeo
648 2397 830 2484 pertineam,
847 2395 978 2462 minime
993 2397 1165 2463 tenendum
1176 2421 1261 2466 reor:
1282 2411 1399 2476 contre
1411 2399 1550 2488 lapidem

162 2501 195 2566 in
219 2525 283 2588 quo
303 2501 461 2590 insculpta
481 2500 584 2568 fueret
606 2499 762 2567 dedicatio
784 2501 984 2588 postmodum
1009 2501 1104 2568 fuine
1125 2501 1160 2567 in
1181 2502 1286 2569 looulo
1301 2505 1549 2593 coagmentando

166 2608 369 2674 elaboratum.

783 2758 982 2827 CXXXVI.

226 2909 255 2973 1.
280 2911 388 2991 Τιμήν.
412 2905 600 2993 Conjeeerut
613 2905 777 2973 Bdekhius
790 2907 844 2976 Διῒ
856 2912 923 2994 μέν,
939 2921 971 2973 et
984 2905 1069 2974 felici
1084 2907 1226 2997 augurio,
1241 2912 1387 2998 speetutis
1401 2913 1548 2990 nummis,

163 3012 216 3099 qui
231 3025 315 3078 oerte
329 3012 444 3078 ‚lovem
468 3011 659 3099 presserunt,
677 3011 733 3078 sed
753 3010 856 3076 invito
875 3025 1090 3078 monumento.
1134 3014 1366 3104 Apographum
1377 3017 1550 3082 Arundelli

163 3141 224 3202 quo
239 3139 313 3182 usus
330 3131 377 3182 est
390 3115 440 3180 vir
454 3139 594 3180 summus
612 3115 768 3182 incuriose
787 3115 882 3181 nimis
896 3115 1088 3204 descriptum
1106 3116 1209 3186 fueret
1222 3131 1259 3185 ut
1273 3121 1343 3207 quis
1365 3121 1487 3189 ennom
1505 3147 1548 3200 ex

162 3224 217 3288 illo
231 3223 363 3289 educere
379 3236 482 3310 quest.
526 3221 669 3286 Plurima
680 3245 698 3286 s
708 3234 814 3287 nostro
827 3221 932 3287 abesse
943 3219 1035 3286 doleo
1046 3244 1116 3307 quae
1126 3221 1160 3286 in
1175 3221 1269 3289 titulo
1281 3225 1400 3291 reoenti
1415 3225 1547 3306 inerant,

161 3327 215 3392 sed
227 3328 329 3392 visum
343 3325 469 3414 penitus
483 3323 652 3389 eludebant
664 3323 788 3388 litterae.
811 3323 917 3390 Unam
929 3322 1095 3390 dumtaxat
1105 3337 1137 3390 et
1148 3325 1276 3392 alterum
1285 3325 1319 3392 in
1330 3330 1408 3396 serie
1420 3333 1548 3399 confusa

163 3455 330 3519 agnOSOel'e
344 3445 496 3520 poteram.

665 3689 668 3696 Ι
747 3595 964 3664 cxxxvn.

225 3745 254 3806 4.
280 3748 448 3822 Διᾶκονος.
492 3741 625 3831 Nempe,
638 3741 751 3809 famuli
770 3743 987 3823 secerdotum
1010 3769 1143 3830 quorum
1165 3769 1260 3834 opere
1274 3749 1443 3816 utebantur
1463 3751 1546 3818 inter

162 3847 411 3913 ministrandum.
456 3848 548 3914 Petet
570 3871 613 3912 ex
627 3871 659 3913 v.
678 3849 729 3927 15,
745 3847 884 3915 officium
898 3871 963 3913 non
978 3847 1163 3937 dedignatos
1176 3849 1271 3916 fuisse
1282 3851 1334 3916 vel
1348 3852 1544 3942 insigniores.

226 3953 280 4017 Ex
299 3952 479 4018 nominibus
499 3951 579 4018 illud
596 3957 731 4038 Καμπᾶς
743 3951 779 4017 in
794 3975 824 4017 v.
838 3955 868 4018 5.
884 3952 982 4018 rarius
997 3967 1053 4018 est.
1087 3953 1193 4020 Video
1218 3955 1300 4021 inter
1320 3956 1480 4026 Pleutinuh
1503 3987 1545 4026 ex

162 4057 319 4152 gentilitio
333 4061 459 4129 foetum.

195 4297 203 4330 ¹
220 4298 268 4346 nu
278 4311 340 4356 upr.
352 4311 374 4356 μ
384 4299 441 4346 227.
912 4291 923 4324 s
939 4293 1041 4340 sunum.
1051 4304 1078 4340 ιι.
1092 4294 1113 4340 4.
1124 4294 1178 4340 144.
1196 4257 1322 4339 Tmcu'v.
1335 4295 1373 4339 so.

195 4389 207 4423 ι
224 4379 353 4428 neknuu
366 4393 404 4440 pp.
414 4382 468 4428 529.
480 4395 499 4427 u
