3956 5248
450 532 511 594 372
994 526 1284 595 AUOTARIUM.
1612 533 1733 612 [mssa.
1748 555 1828 598 cmx.

445 715 674 802 ἀπολειφθέντα
690 719 834 802 χρήματα
849 715 911 779 ὑπὸ
926 751 940 763 -
953 752 968 764 -
982 753 997 764 -
1011 715 1200 791 Ἰονλιανοῦ,
1215 723 1270 782 τοῦ
1293 715 1466 801 εὐεργέτου.
1511 715 1666 804 Congruit
1682 717 1828 784 Latinum

445 824 478 887 in
495 821 627 900 Tulli0¹;
654 821 754 902 Quum
768 822 797 883 ei
811 832 978 885 testamento
992 825 1154 887 sestertium
1168 823 1275 886 millies
1289 823 1484 907 relinquatur.

446 991 451 1000 ,
513 929 540 989 7.
561 924 820 1010 Ἀναδιὲάμευον.
844 923 1042 988 Constructio
1057 924 1143 989 haud
1158 949 1268 1012 parum
1284 925 1432 1012 ambigua
1450 939 1516 991 est:
1540 927 1739 1013 praetulerim,
1757 930 1828 996 ιἰνα-

446 1035 615 1121 3εὲἆμινον
628 1037 795 1119 (σιτωνεῖν,
810 1031 861 1097 vel
875 1035 932 1110 τὴν
955 1039 1113 1110 σιτωνίαν,
1131 1038 1178 1115 ἐν)
1193 1044 1261 1111 τοῖς
1278 1036 1536 1120 ἀναγκαιοτάτοις
1557 1044 1625 1112 τοῖς
1640 1046 1761 1122 καιροῖς
1774 1047 1826 1110 τῆς

445 1169 503 1206 σιτ.
526 1153 584 1201 etc.
600 1151 635 1201 ut
649 1136 697 1213 sit,
715 1137 754 1199 Iu
768 1159 797 1202 se
811 1138 995 1222 recipientem
1018 1160 1126 1200 munus
1141 1137 1294 1224 frumeuti
1313 1139 1462 1203 comnenus·
1484 1139 1517 1200 ι’τι
1540 1141 1674 1202 mutium
1700 1143 1745 1206 rei
1754 1141 1824 1226 fru-

445 1246 599 1310 mentarius
612 1243 795 1330 dffcultute.

511 1351 604 1436 Seqq.
630 1350 807 1428 illustrant3
834 1348 1099 1436 Ἀναδεκομένονς
1120 1389 1239 1400 ·····
1260 1351 1437 1439 mpetum.
1495 1354 1691 1436 Πολεμήσειν
1720 1352 1824 1421 ἀναδέ-

445 1458 583 1534 Euctus.
627 1456 836 1543 Ἀνεὸεξίιμην
851 1461 999 1525 tutatast
1046 1458 1128 1522 Cum
1149 1481 1221 1522 casu
1241 1472 1361 1543 quarm,
1381 1462 1489 1526 Πάντα
1509 1456 1742 1545 ἀναδεχόμενος
1757 1499 1769 1510 ·
1783 1499 1821 1510 --

444 1570 480 1632 τὰ
496 1565 615 1632 τούτων
631 1567 857 1649 ἁμαρτήματαῐ).

507 1671 609 1756 Atqui
625 1694 688 1734 non
702 1669 853 1734 tacuerim
868 1668 964 1733 mein
979 1668 1087 1756 primis
1103 1669 1300 1756 descripsisse
1315 1693 1357 1733 ex
1373 1667 1477 1754 lapide
1493 1667 1726 1754 ἇναδεσὰμενον
1741 1672 1784 1751 (h.
1795 1695 1818 1735 e.

444 1776 588 1856 ιἰναδησ.)
611 1775 704 1862 quod,
735 1775 768 1840 ni
791 1774 890 1852 fallor,
914 1797 1038 1838 sensum
1064 1773 1242 1861 legitimum
1269 1775 1395 1861 praebet,
1429 1799 1459 1840 se
1489 1776 1721 1860 obstsiuyentem
1742 1801 1818 1840 ναυα-

442 1884 574 1948 ss'ouibus
593 1884 798 1968 prosumnus,-
820 1880 905 1966 quod
928 1904 993 1956 nos,
1015 1882 1162 1968 pledpiup
1177 1881 1301 1968 tinuelf
1318 1892 1346 1946 to
1368 1881 1414 1944 uu
1428 1883 1620 1966 emeryuwtu
1634 1881 1671 1968 of
1679 1883 1725 1948 ιΙιι
1736 1883 1817 1948 Seue.

443 1991 560 2056 Melius
582 1991 644 2055 hoo
663 2013 757 2075 quam
780 1993 1041 2070 inspiceremus.
1085 1985 1183 2050 Porro
1206 1999 1316 2050 notatu
1340 1985 1472 2074 dignum
1491 1999 1547 2064 est,
1574 2009 1681 2072 parem
1703 2011 1818 2052 sensum

442 2098 688 2186 metaphoricum
705 2097 834 2162 obvium
849 2119 914 2161 esse
928 2095 962 2159 in
979 2095 1128 2160 Romanis
1148 2095 1374 2183 scripton'busq,
1397 2118 1449 2159 ex.
1465 2119 1492 2160 c.
1506 2093 1627 2172 Tucim,
1652 2095 1776 2170 Seneca,
1790 2109 1818 2159 et

442 2205 491 2269 all.
507 2207 674 2270 verborum
700 2207 858 2289 obstringo,
879 2205 986 2289 oblipo,
1013 2205 1115 2288 adipe,
1137 2227 1209 2268 cum
1230 2227 1302 2268 casu
1327 2203 1418 2268 tertio
1445 2225 1592 2289 persone.
1637 2202 1702 2266 Hic
1718 2207 1818 2288 καιρός

443 2323 592 2394 tanquam
608 2309 745 2373 Persona
755 2305 930 2371 adhibetur.

507 2414 610 2502 Pergo
636 2413 675 2478 ad
701 2411 821 2498 reliqua
844 2411 1063 2498 expedienda:
1097 2419 1230 2484 Σιτιυνία
1257 2427 1323 2478 erat
1347 2437 1461 2478 munus
1483 2421 1539 2480 τοῦ
1567 2417 1717 2492 Σιτώυου,
1737 2413 1819 2498 cujus

442 2519 579 2584 obeundi
604 2518 656 2584 hic
682 2531 831 2584 notantur
860 2518 1098 2606 ἆναγκαιότατοι
1123 2525 1233 2603 καιροί,
1259 2519 1293 2583 id
1318 2533 1374 2598 est,
1402 2519 1628 2607 χαλεπώτατοι,
1646 2519 1820 2606 difficillimus

440 2635 629 2711 imputata,
656 2634 731 2686 most
755 2623 927 2707 distressiuq
953 2645 1078 2698 sansone,
1100 2636 1176 2686 most
1192 2625 1307 2688 critical
1331 2627 1540 2712 conjuncturas.
1585 2625 1638 2691 Sic
1661 2626 1745 2713 apud
1764 2625 1820 2690 Ru

440 2754 548 2798 manos
571 2743 685 2816 tempus
707 2729 904 2792 necessatium
929 2739 976 2790 est
999 2725 1083 2811 quod
1104 2726 1214 2792 dieunt
1239 2727 1341 2793 Ioniei
1364 2728 1463 2816 ξυροῦ
1479 2731 1578 2811 dussis.
1625 2729 1770 2795 Ceterum
1784 2729 1819 2792 de

440 2836 597 2903 locutione
621 2833 758 2899 conferas
782 2855 916 2897 marmor
931 2830 1059 2896 Delium
1081 2831 1180 2919 (apud
1200 2831 1390 2909 Btokhium,
1406 2857 1439 2896 n.
1459 2835 1553 2898 2271.
1571 2836 1621 2898 24.
1638 2837 1677 2920 s.)
1698 2837 1819 2922 Εἷρηκεν

441 2941 473 3009 δὲ
489 2949 537 3010 καὶ
552 2943 629 3026 ὑπὲρ
643 2950 698 3018 τῆς
713 2937 850 3007 συνόδου
866 2943 899 3006 ἐν
914 2945 958 3026 τῷ
973 2939 1205 3026 ἆναγκοιοτᾶτῳ
1221 2945 1317 3028 καιρῷ
1332 2945 1369 3008 τὰ
1385 2937 1493 3008 δίκαια.

508 3048 647 3122 Σιτώνης
669 3057 734 3108 erat
756 3043 820 3128 qui,
838 3055 998 3130 premente
1021 3066 1154 3122 annona,
1169 3041 1326 3107 frumento
1341 3043 1510 3108 coemendo
1532 3057 1565 3108 et
1584 3044 1618 3108 in
1641 3068 1731 3110 usum
1746 3047 1818 3134 pub-

441 3153 538 3218 licum
561 3149 740 3239 reponendo
765 3161 903 3236 praeerat.
960 3146 1108 3212 Innuitur
1130 3146 1328 3234 magistratus
1351 3145 1431 3212 infra
1449 3147 1483 3212 in
1502 3147 1761 3236 Philadelphum,
1775 3148 1817 3213 tit

443 3279 558 3323 cmxxv:
575 3260 603 3322 8.
626 3256 777 3344 Legimus
798 3279 889 3343 porro
913 3255 1060 3322 αιτυνικὰ
1086 3259 1229 3342 χρήματα
1252 3253 1286 3316 in
1305 3253 1353 3318 tit.
1376 3253 1473 3339 inseq.
1489 3278 1519 3317 v.
1534 3256 1594 3332 15„
1610 3279 1743 3340 quorum
1766 3255 1820 3320 for·

444 3376 522 3429 tasse
537 3359 725 3449 dispensatio
741 3359 770 3424 ei
785 3358 848 3423 fuit
861 3356 1034 3424 commissa.

508 3469 571 3536 Hie
594 3468 802 3556 magistratus,
828 3478 920 3532 utet
947 3463 1140 3552 Σιτοφΰλαξ,
1166 3487 1261 3549 quem
1283 3463 1420 3530 innuunt
1446 3465 1541 3532 verba
1565 3465 1750 3553 φυλάξαντα
1768 3468 1819 3544 τὴν

480 3778 485 3810 ¹
507 3781 542 3827 De
554 3779 618 3828 oue
631 3781 715 3826 11n24.
729 3777 780 3840 (Al.
791 3775 842 3840 93).
1163 3777 1239 3825 Senes.
1256 3777 1292 3825 De
1307 3777 1433 3836 Beumdis,
1447 3791 1481 3826 νι.
1497 3781 1532 3826 11.
1554 3779 1701 3839 Conspicitur
1713 3787 1736 3829 et
1750 3793 1822 3828 emm

478 3872 495 3897 ¹⁰
508 3865 617 3912 Herodot
627 3877 652 3911 v.
665 3867 703 3910 91.
1162 3863 1262 3922 metaph.
1287 3863 1348 3923 apud
1368 3863 1460 3912 Graues
1484 3878 1533 3911 voe.
1553 3861 1606 3924 dtu,
1628 3863 1737 3915 ἀναδέιι.
1769 3865 1824 3912 uus

472 3951 490 3980 '¹¹
507 3949 624 3996 Demosth.
637 3947 733 4008 Olynth.
742 3961 771 3995 u.
780 3963 802 4008 p.
812 3951 850 3996 20.
863 3951 885 3997 5.
898 3949 926 3996 R.
1164 3947 1257 3994 Pnssov.
1265 3961 1281 3994 1.
1294 3962 1331 4008 pp
1347 3949 1400 4006 1³9,
1410 3950 1465 3996 488.
1478 3963 1498 3995 a

478 4043 489 4066 ⁰
505 4036 565 4082 Adv.
578 4034 675 4094 Αραῑντ,
689 4047 711 4092 p
725 4035 778 4080 899.
792 4035 829 4080 21.
839 4033 867 4080 R.
1196 4037 1205 4062 ¹
1222 4032 1281 4080 Vide
1292 4033 1350 4082 ces
1363 4033 1398 4079 De
1406 4033 1471 4081 Bello
1480 4033 1577 4082 Gallico.
1590 4047 1606 4080 ι.
1622 4039 1659 4082 16.
1678 4036 1733 4084 Peri
1745 4036 1823 4084 ruo'm

479 4127 491 4161 ν
507 4118 678 4169 emesenus
691 4119 771 4178 legat.
780 4133 802 4178 p.
816 4121 872 4166 352.
884 4121 922 4167 18.
932 4118 960 4165 R.
1165 4117 1204 4179 (ut
1222 4118 1295 4165 obiter
1307 4115 1426 4179 moneam)
1446 4117 1549 4184 ἀνάγκη
1567 4125 1591 4166 et
1606 4123 1749 4175 αετειιὶιαιτ
1769 4121 1821 4168 eunt.

477 4211 488 4244 ‘t
505 4203 570 4252 Cous·
587 4201 634 4250 Cia
651 4200 711 4247 Phit
724 4213 748 4246 v.
761 4203 797 4247 18.
815 4200 854 4246 fin
879 4201 925 4248 Ριο
936 4201 1019 4258 Domo,
1033 4213 1113 4246 τινα.
1165 4201 1268 4262 Xenoph.
1282 4202 1406 4248 Memorab.
1424 4216 1462 4250 ιιι.
1478 4207 1515 4250 12.
1526 4207 1547 4251 2.
1565 4204 1658 4252 Diodor.
1668 4218 1708 4253 ιιι.
1720 4209 1755 4254 ta.
1767 4211 1821 4252 exo.

446 4287 537 4337 Tuscul.
549 4299 586 4332 111.
601 4290 636 4334 17.
661 4285 733 4332 Tacit
751 4285 811 4332 Hm
829 4299 844 4331 u
862 4288 899 4333 51.
917 4285 1001 4332 Amet
1019 4299 1061 4332 xv.
1075 4287 1113 4332 53.
1164 4285 1257 4334 Sueten
1271 4287 1431 4335 Caeauxvus.
