3952 5238
171 593 520 675 rusou.uxx.‚r.rx1v.]
711 591 1041 661 APHRODISIAS.
1505 604 1568 670 307

168 801 298 867 nempe,
319 773 479 864 Epistylia
503 775 725 864 (casumve),
748 777 887 866 Zophori
912 779 1064 868 (freres),
1086 782 1218 851 Corone
1238 786 1407 875 (amnicos),
1433 812 1567 874 quorum

168 885 277 974 prima
291 884 397 950 locum
412 880 594 970 proximum
609 881 764 948 columnis
778 885 935 950 tenebant.
973 886 1081 952 Adeas
1092 887 1296 956 Vitruvium*
1309 904 1343 958 et
1350 891 1566 974 Athenaeumr,

169 1014 311 1079 quorum
326 1002 500 1078 postremus
515 999 547 1054 et
561 987 601 1054 de
615 1011 674 1053 usu
689 1011 798 1053 eorum
813 1001 846 1055 et
860 1002 972 1056 ornatu
988 995 1122 1082 (κόσμῳ)
1137 994 1270 1062 disserit.

214 1099 285 1166 Hic
300 1100 420 1184 κόσμος
434 1107 502 1161 erat
514 1095 567 1162 vel
581 1119 749 1184 compages
771 1095 908 1162 trabium
927 1098 1081 1166 columnis
1104 1102 1299 1190 superposita
1311 1113 1343 1168 et
1357 1114 1469 1170 ornatu
1479 1101 1566 1168 vario

167 1207 336 1280 instructu,
351 1201 419 1268 scil.
435 1200 574 1288 zophori‚
587 1223 718 1278 coronae,
730 1199 783 1265 vel
797 1199 831 1264 in
846 1200 1012 1288 superficie
1027 1201 1247 1291 epistyliorum
1262 1203 1401 1293 ipsorum
1412 1205 1565 1271 exstabat.

168 1315 225 1380 De
249 1325 385 1396 utroque
409 1308 552 1376 consulas
569 1307 778 1375 Vitruvium.
822 1307 966 1375 Priorem
991 1308 1130 1376 indicare
1156 1311 1250 1378 credo
1273 1312 1403 1378 titulum
1425 1325 1566 1378 nostrum

168 1443 214 1487 ex
242 1414 477 1484 constructione
497 1425 575 1480 nota
596 1421 652 1483 τοῦ
675 1418 723 1484 ἐπὶ
739 1437 812 1481 curn
827 1415 993 1504 genitivo⁸.
1038 1415 1102 1483 Sed
1116 1430 1148 1484 et
1161 1417 1241 1506 lapis
1261 1418 1338 1507 ipse,
1354 1419 1566 1507 fragmentum

168 1521 325 1616 epistylii,
341 1521 427 1588 unde
443 1520 635 1608 descriptum
649 1519 746 1586 habui
760 1519 899 1600 titulum,
914 1534 980 1588 erat
994 1546 1088 1611 opere
1103 1524 1283 1614 anaglypho
1297 1525 1517 1592 circumdatus.

813 1733 977 1802 LXXIV.

216 1867 248 1931 1.
274 1863 432 1950 Εὔδαμος.
479 1860 572 1928 (lons.
584 1860 662 1928 VV.
680 1858 748 1925 LL.
791 1859 918 1926 Nomen
937 1860 1107 1927 conditoris
1130 1863 1327 1929 monumenti
1350 1877 1417 1930 erat
1438 1864 1564 1932 fortusse

168 1970 358 2040 Eumachus
375 1967 547 2046 Eudemus,
562 1989 697 2056 quorum
721 1965 784 2032 hoo
808 1964 843 2028 in
858 1988 952 2030 versu
965 1965 1068 2054 primo
1082 1981 1241 2032 servatum
1255 1968 1417 2047 habemus,
1433 1970 1565 2036 alterum

166 2080 203 2145 in
229 2075 376 2166 septimo.
429 2073 618 2141 Processerir
631 2073 704 2138 'hoe
732 2085 825 2160 pecto
848 2071 959 2138 titulus
984 2075 1024 2140 ab
1044 2073 1145 2152 initiO,
1167 2073 1319 2164 Εὔμαχος
1341 2075 1494 2155 Ἀπελλᾶ,
1508 2085 1565 2146 τοῦ

168 2189 334 2264 Ζῆνωνος,
350 2214 377 2251 κ.
389 2211 416 2248 τ.
425 2183 458 2250 λ.

238 2299 271 2361 4.
298 2294 435 2373 ‘Eidem
487 2287 600 2356 ΕΞΑΚ
617 2293 652 2357 in
665 2315 829 2358 marmore.
872 2291 963 2358 Alias
977 2291 1070 2370 ἑξάκι,
1086 2305 1123 2358 ut
1136 2291 1207 2357 infr.
1219 2315 1250 2357 v.
1265 2291 1322 2358 ult.
1334 2295 1470 2371 πεντάκε,
1485 2305 1518 2358 et
1530 2293 1565 2358 iu

166 2404 220 2470 tit.
238 2421 351 2470 Lxxvr.
366 2403 497 2486 τετράκι.
542 2399 621 2464 Erat
634 2397 760 2464 sonasse
775 2397 884 2464 rudior
903 2421 1004 2464 senno
1020 2399 1137 2466 Garum
1160 2397 1216 2486 qui
1231 2397 1312 2464 etin
1327 2397 1460 2465 dialecto
1474 2399 1565 2466 hodi·

167 2531 249 2576 erna
263 2506 298 2570 in
314 2504 478 2594 permultis
492 2502 623 2569 vocibus
637 2525 697 2567 usu
711 2501 808 2568 venit.

237 2612 393 2678 Referunt
413 2609 463 2674 hae
489 2605 720 2696 designationes
743 2627 909 2670 numerum
934 2605 1173 2694 generationum
1196 2631 1215 2674 a
1233 2607 1395 2675 conditore
1417 2609 1564 2690 nominis,

167 2719 275 2808 qnnlie
289 2718 343 2784 hic
357 2729 405 2784 est
420 2717 653 2804 Chrysogonus,
669 2714 724 2801 qui
748 2713 895 2779 statuitur
908 2713 1004 2781 fuisse
1019 2718 1144 2781 tritanu
1157 2716 1294 2782 Aurelii.
1340 2717 1394 2784 Sic
1414 2717 1448 2783 in
1463 2743 1493 2783 v.
1508 2718 1564 2784 ult.

166 2825 321 2893 statuitur
334 2823 544 2891 Archimedes
566 2822 661 2888 fuisse
683 2834 786 2886 οιοοιιο
802 2820 1063 2908 Stephanephori.
1108 2822 1170 2888 His
1189 2822 1381 2910 respondent
1403 2823 1565 2914 sigillatim

166 2936 308 3021 ιπίτιοροο
320 2944 353 2998 et
368 2933 502 3019 adnepos
515 2930 710 2996 Latinorum.
757 2928 822 2995 Sed
834 2927 903 2995 haec
917 2927 952 2993 in
967 2929 1076 2996 ordine
1091 2953 1324 3019 persequamur.

236 3063 268 3103 a.
292 3039 393 3104 Erant
406 3037 441 3103 in
454 3037 564 3126 primis
583 3059 686 3126 nepos,
700 3037 805 3124 neptis,
821 3033 906 3122 apud
921 3033 1048 3101 Graecos
1069 3040 1199 3115 υῐωνός,
1223 3035 1442 3126 θυγατριδοῦς,
1457 3042 1564 3118 uiuet,

167 3141 357 3232 θυγατριδῆ,
372 3141 546 3230 speciatim,
567 3139 642 3207 dein
664 3142 813 3229 ἔγγονος,
828 3142 958 3226 ἔγγόνη,
974 3139 1163 3229 ἆπόγονοςὴ.
1207 3141 1247 3206 In
1271 3143 1487 3211 stemmatibus
1509 3167 1564 3232 po-

166 3261 292 3316 nuntur
307 3247 367 3326 dle,
382 3247 435 3312 vel
450 3247 498 3334 β’,
512 3254 569 3314 τοῦ
585 3245 696 3324 δεῖνος,
710 3245 765 3331 qui
780 3257 846 3311 erat
859 3249 1003 3324 πάππος,
1023 3251 1190 3336 πρόγονος
1212 3255 1269 3315 τοῦ
1292 3252 1424 3336 πατρός,
1446 3279 1564 3336 ποτρο·

165 3359 292 3443 πᾶτωρ,
321 3356 531 3441 μητροπάτωρ
560 3355 755 3439 spontane.
813 3351 903 3417 Aeto
935 3353 1167 3440 respondebunt
1197 3353 1307 3420 Graeus
1341 3362 1561 3448 ποτρομήτωρ,

164 3467 390 3552 μηπρομὴτωρ,
404 3463 512 3547 μάμμη
527 3471 560 3526 et
573 3464 691 3547 μόμμο,
705 3457 809 3538 sttui.

202 3643 216 3670 ⁸
234 3635 361 3684 Architect-
369 3637 424 3682 ul.
436 3649 458 3694 μ
469 3637 522 3682 180.
530 3634 583 3694 Βίμ
926 3628 938 3664 ⁵
953 3633 1014 3681 Vide
1023 3639 1071 3681 not.
1084 3635 1114 3682 ed
1125 3634 1161 3681 ut
1174 3647 1248 3682 mu.
1261 3637 1298 3682 11.
1310 3649 1372 3696 supr.

201 3729 213 3765 t
231 3723 257 3769 1.
267 3736 291 3768 v.
302 3735 340 3782 pp.
355 3723 409 3768 196.
417 3721 440 3768 b.
459 3723 513 3769 205.
526 3734 546 3767 c.
925 3729 936 3755 ⁶
953 3723 1018 3772 (lons.
1027 3725 1093 3771 Pind.
1104 3725 1175 3784 Pyth.
1187 3737 1223 3770 rx.
1236 3727 1289 3772 144.
1299 3723 1564 3790 πατροπάτωρἘνθα

200 3814 212 3840 ²
230 3807 255 3854 L
266 3819 302 3854 rr.
311 3808 363 3865 2.ρ.
375 3807 428 3853 lus.
437 3819 462 3853 v.
472 3809 493 3854 7.
506 3820 528 3864 p.
538 3805 683 3864 144.ο11.μ
693 3803 746 3860 181,
759 3801 810 3864 Βίμ
894 3805 917 3855 ol
937 3811 1063 3872 σπαρτῶν
1083 3806 1158 3867 ξένος
1177 3802 1263 3870 Κεῖτο,
1280 3825 1311 3858 sc
1330 3811 1477 3874 Amphinyo.
1502 3813 1563 3862 Add.

200 3898 214 3926 ⁸
230 3891 291 3938 Vide
302 3891 432 3951 Schweigh.
446 3891 525 3938 lexic.
538 3889 648 3937 Herodot-
660 3888 706 3936 vol
720 3901 736 3936 ι.
753 3902 775 3948 ρ
788 3888 842 3934 242.
893 3891 1000 3954 Apollon.
1012 3893 1099 3956 Argon.
1110 3906 1127 3942 1.
1142 3897 1195 3944 170.
1213 3895 1324 3944 Herodot.
1335 3909 1363 3946 11.
1378 3901 1432 3946 161.
1445 3893 1564 3961 Ὃςμιτά

165 3981 190 4030 h.
226 3973 395 4024 MatthleiGr.
405 3973 445 4022 Gr.
458 3976 477 4034 7.
486 3975 540 4022 tes
894 3976 1072 4042 Ψαμμήτιχον
1091 3979 1139 4028 τὸν
1164 3977 1259 4030 ἑωυτοῦ
1283 3978 1441 4046 προπάτορα
1460 3980 1562 4046 ἐγένετο

201 4061 324 4112 Hebenus
341 4055 480 4107 ἐπιστόλια
498 4059 525 4106 in
544 4073 603 4106 vers
619 4057 752 4118 Symmeeh.
772 4057 843 4104 Hebr-
894 4059 1131 4126 εὐδαιμονέστατος.
1166 4063 1202 4111 De
1213 4062 1388 4128 μητροπάτωρ
1405 4066 1511 4116 videus.
1524 4070 1563 4118 51.

165 4146 258 4210 χρῇ-πῂ,
280 4145 305 4192 ln
322 4145 379 4205 Reg.
393 4156 409 4191 1.
432 4148 453 4193 7.
478 4147 523 4202 le,
540 4145 581 4192 ubi
600 4143 675 4190 LXX.
694 4138 842 4206 lrrdiuuru.
894 4157 929 4192 vr.
939 4145 992 4192 101.
1015 4144 1231 4193 LnoiuulnSomn.
1243 4158 1291 4194 vlt.
1313 4141 1418 4204 lliedh',
1431 4148 1486 4194 224.

165 4213 281 4304 Apphllat
293 4240 423 4286 coronidem
435 4239 572 4302 Hesychius,
590 4238 782 4288 τὸτελευταῖον
795 4239 844 4296 τῆς
925 4231 994 4280 ‘Ex
1015 4234 1052 4280 his
1067 4230 1158 4298 μάμμη
1177 4243 1213 4282 est
1234 4235 1393 4284 recentiorum.
1427 4234 1487 4284 Vlds
1501 4249 1561 4296 supr.

167 4323 312 4390 οἰκοδομῆς
323 4323 440 4388 ἐπίθεμα.
893 4329 941 4371 not.
964 4324 994 4370 ed
1013 4335 1086 4370 um.
1106 4325 1145 4372 20.
1167 4329 1191 4371 et
1209 4323 1309 4372 Pinson.
1329 4325 1360 4372 erl
1376 4325 1442 4374 Πομ.
1464 4340 1487 4386 p.
1507 4329 1562 4376 200.

824 4407 844 4472 2
859 4425 882 4471 a
897 4407 917 4471 2
