4004 5264
435 593 476 656 46
848 585 1198 654 INSCRIPTIONES
1221 583 1413 650 GRAECAE.
1587 583 1826 666 [ιντερπυνχιτ.

435 819 543 868 σταις
563 783 799 890 ταφῆσουται
819 781 882 866 οὓς
901 775 948 861 ἂν
967 781 1142 885 Εὔμαχος
1161 777 1334 883 βουληθῇ
1358 779 1419 857 καὶ
1439 773 1658 882 διατάξομαι
1677 779 1824 874 τεθῆναι

436 919 476 995 ἐν
495 916 634 1010 αὑταῖς,
660 915 720 994 καὶ
754 911 889 1014 ἔκγονα
919 913 1032 992 αὐτοῦ
1062 906 1170 1011 μόνα·
1196 911 1320 1014 ἕτερος
1347 906 1388 988 δὲ
1411 908 1531 993 οὐδεὶς
1552 906 1627 1014 ἕξει
1647 906 1826 1014 ἐξουσίαν

436 1045 554 1126 θεῖναί
572 1078 655 1125 τινα
674 1044 713 1123 ἐν
732 1043 778 1148 τῆ
799 1043 905 1149 σορῷ
924 1043 1007 1121 οὔτε
1029 1045 1275 1140 μετακινῆσαι
1304 1035 1419 1139 αὐτὴν
1445 1041 1529 1119 οὔτε
1553 1043 1826 1143 παραχωρῆσαι

436 1175 552 1278 αὐτήν
575 1211 646 1258 τινι
673 1177 758 1256 οὔτε
781 1170 847 1254 τὸν
866 1171 997 1274 βωμὸν
1016 1176 1101 1254 οὔτε
1129 1171 1318 1274 είσῶστην
1337 1171 1399 1254 ἀπ’
1420 1175 1548 1272 αὐτοῦ,
1574 1172 1660 1254 οὐδὲ
1686 1171 1827 1279 τρόπον

435 1312 609 1416 ἐφευρεῖν
629 1302 721 1416 ᾧᾶν
740 1309 1032 1413 ἀπαλλοτριωθῆ
1046 1303 1140 1387 κατὰ
1158 1302 1387 1410 παραίρεσιν
1406 1307 1593 1406 οὐδεμίαν,
1613 1305 1717 1387 ἀλλὰ
1734 1307 1826 1408 μετὰ

435 1440 478 1522 τὸ
499 1445 662 1548 ταφῆναι
681 1435 768 1525 τοὺς
785 1435 1141 1543 προγεγραμμένους
1155 1432 1298 1520 πάντας
1317 1433 1558 1542 ἀφηρωΐσθαι
1576 1432 1620 1517 τὸ
1634 1443 1824 1538 μνημεῖον·

436 1573 500 1656 ἐὰν
520 1575 565 1655 δέ
579 1611 634 1660 τις
654 1571 874 1680 ἐπιχειρήσῃ
892 1568 916 1674 ἢ
941 1569 1102 1680 ε’νθοίφοιι
1121 1567 1204 1651 τινὰ
1224 1573 1264 1649 ε’ν
1282 1605 1328 1678 τη
1357 1573 1473 1678 σορῷ,
1498 1566 1522 1671 ἢ
1544 1572 1583 1649 ἐν
1614 1576 1694 1655 ταῖς
1718 1569 1825 1650 ricoi-

439 1743 560 1804 στοις,
580 1703 603 1809 ἢ
623 1710 867 1808 μετακινῆσαι
887 1700 955 1805 τῆν
974 1700 1106 1809 σορόν,
1132 1699 1156 1804 ῆ
1178 1703 1396 1784 ὑπεναντίον
1419 1740 1455 1787 τι
1483 1712 1561 1791 τοῖς
1592 1707 1827 1811 ὑπογεγραμ·

436 1841 558 1940 με’νοις
574 1845 745 1940 ποιῆσαι,
766 1838 864 1922 ἔστω
895 1837 916 1920 ὅ
947 1873 988 1919 τε
1012 1836 1175 1940 ποιήσας
1195 1836 1216 1916 d
1237 1872 1277 1918 τε
1292 1835 1565 1944 ἀναδεξάμενος
1584 1839 1827 1947 τυμβωρύχος

437 1976 497 2054 καὶ
527 1969 671 2073 ἀσεβὴς
702 1974 763 2052 καὶ
795 1967 990 2074 ἐπάρατος,
1017 1973 1079 2050 καὶ
1107 1969 1507 2073 προσαποτισιίτωσαν
1526 1970 1547 2052 ὅ
1566 2007 1607 2052 τε
1625 1971 1826 2074 ποιήσαςὸ

436 2143 477 2189 τε
496 2104 771 2214 ἀναδεξάμενος
796 2113 848 2187 τῶ
871 2107 1007 2213 ταμείῳ
1025 2113 1092 2184 τοῦ
1122 2103 1240 2207 δήμου
1258 2102 1449 2204 Ῥωμαίων
1468 2108 1648 2210 ἀργυρίου
1672 2105 1826 2211 δηνάρια

434 2242 560 2344 μυρία,
593 2242 654 2320 καὶ
679 2237 787 2319 οὐδὲν
812 2238 984 2320 ἔλαττον.
1036 2231 1169 2320 Ἔστω
1194 2238 1449 2344 ἀφιερωμίνον
1468 2236 1510 2320 τὸ
1533 2240 1654 2348 ἡρῷον
1672 2238 1767 2340 μετὰ
1784 2238 1825 2321 τὸ

436 2381 585 2477 τεθῆναι
614 2372 700 2462 τοὺς
722 2375 1078 2481 προγεγραμμένους
1100 2373 1255 2460 πάντας.
1313 2372 1368 2456 Τὸ
1396 2381 1461 2477 τῆς
1487 2379 1697 2483 ἐπιγραφῆς
1728 2376 1824 2457 ἀντί·

435 2516 585 2616 γραφον
605 2508 764 2611 ἀπετέθη
786 2516 836 2595 είς
866 2507 910 2592 τὸ
941 2508 1228 2618 χρεωφυλάκιον
1248 2511 1308 2590 ἐπὶ
1328 2505 1623 2616 στεφανηφόρον
1645 2507 1824 2610 Ζήνωνος,

577 2639 750 2726 πεντάκις
769 2651 836 2724 τοῦ
851 2640 1115 2747 Ἀρχιμήδους,
1133 2639 1250 2743 μηνὸς
1268 2647 1457 2747 Τραϊανοῦ
1477 2647 1688 2738 Σεβαστοῦ.

513 2849 651 2922 Mensis
667 2853 845 2947 Trajanus
859 2852 1052 2949 Augustus
1070 2862 1290 2926 memoratur
1306 2852 1346 2925 in
1361 2851 1444 2940 fine,
1462 2877 1511 2926 ex
1528 2877 1601 2949 quo
1618 2877 1702 2927 cum
1720 2853 1828 2926 norni-

439 2969 545 3042 nibus
564 2970 727 3044 Aureliis
755 2996 836 3069 quae
864 2973 902 3044 in
920 2998 977 3045 vv.
996 2975 1078 3046 3-5.
1097 2973 1206 3046 obvia
1232 2986 1318 3047 sunt
1344 2973 1543 3070 conjeceris
1561 2984 1703 3047 aetatem
1720 2973 1827 3047 fuisse

440 3091 723 3164 Antoninorum.

515 3211 572 3283 De
589 3235 766 3284 marmore
785 3225 821 3285 et
838 3213 876 3284 in
894 3214 1011 3309 capite
1029 3225 1065 3284 et
1082 3212 1256 3286 lateribus
1273 3225 1440 3286 trunceto
1458 3213 1557 3309 quod
1574 3213 1612 3286 in
1630 3214 1738 3287 imam
1755 3238 1830 3312 par-

441 3345 515 3402 tem
532 3331 627 3404 muri
645 3332 835 3404 exterioris
853 3331 900 3405 ad
918 3332 1094 3405 orientem
1123 3333 1317 3430 spectantis
1347 3332 1485 3408 illatum
1513 3331 1632 3406 fuerat
1649 3331 1830 3431 descripsi.

441 3451 570 3523 Plures
593 3476 719 3525 versus
747 3453 872 3525 subter
899 3453 1015 3525 solum
1046 3453 1207 3526 latebant
1236 3477 1328 3548 quos
1355 3477 1429 3526 non
1458 3453 1529 3526 nisi
1555 3452 1687 3526 rudere
1714 3468 1831 3528 amoto

441 3572 564 3669 legere
581 3584 666 3644 erst.

517 3691 644 3765 Edidit
673 3687 874 3766 Bockhius‘1
904 3715 952 3764 ex
983 3689 1126 3764 schedis
1159 3689 1357 3782 Sherardi'3
1385 3715 1501 3788 nuper
1530 3691 1754 3765 Fellowsius⁸
1785 3715 1832 3765 ex

443 3811 607 3910 propriis.
658 3810 921 3907 Discrepantiae
938 3809 1034 3883 lectt.
1054 3820 1157 3900 sunt;
1183 3808 1222 3881 in
1240 3832 1273 3882 v.
1293 3811 1324 3880 1.
1343 3809 1383 3881 F.
1403 3817 1452 3883 Ξ.
1464 3814 1651 3884 ΝΩΝΟΣ.
1674 3811 1713 3883 in
1732 3814 1765 3884 3.
1784 3835 1834 3910 pr.

444 3934 485 4010 Β.
511 3937 635 4018 mox,
664 3931 749 4004 dein
778 3901 1301 4005 nsnnorrornenior.
1337 3929 1375 4002 in
1405 3931 1436 4004 6.
1465 3931 1505 4001 Β.
1530 3930 1569 4002 r.
1595 3937 1835 4018 ΑκιΛΛεαῑ,

444 4054 685 4152 grammatice
723 4054 837 4152 magis
876 4077 983 4150 quarn
1023 4053 1110 4127 fidei
1146 4053 1334 4126 marmoris
1374 4076 1582 4151 congruum.
1652 4053 1697 4126 In
1737 4056 1767 4126 7.
1793 4054 1833 4126 Β.

485 4295 499 4331 q
515 4289 581 4346 Vol.
594 4305 623 4346 rt
638 4289 740 4364 porr.
755 4307 783 4344 n.
794 4287 882 4346 2834.
1209 4287 1219 4320 ¹
1235 4283 1296 4342 Ubi
1309 4303 1373 4361 sup.
1387 4303 1416 4361 p.
1428 4287 1495 4344 338.
1509 4303 1537 4343 n.
1548 4289 1595 4344 44.

486 4395 497 4428 f
514 4387 584 4448 cod.
598 4407 625 4466 p.
637 4391 683 4447 82.
