3992 5240
186 543 494 634 1uscn.cnv.‚cnv1.]
823 542 951 612 TEOS.
1521 551 1582 616 133

185 736 242 809 sic
267 735 441 833 scriptum
464 735 502 808 in
524 732 645 831 lapide
672 745 796 808 nostro
822 731 995 831 apparuit.
1058 733 1137 808 Nec
1165 733 1204 808 in
1220 759 1252 809 v.
1277 738 1310 810 2.
1328 734 1579 813 Btckhianum

186 865 411 933 ΠΡΕΙΓΕΥΤ
410 865 454 932 ΑΙ
473 857 557 932 vidi.
612 857 757 931 Mireris
775 881 863 930 vero
884 858 1161 931 inconstantiam
1178 858 1344 956 lapicidae
1363 860 1422 933 vel
1440 862 1576 948 seribae,

183 979 251 1076 qui
272 979 359 1054 aiibi
384 979 572 1078 (nimirum
594 980 634 1054 in
647 1005 703 1053 vv.
724 983 755 1054 7.
772 979 848 1076 10.)
875 978 1028 1054 formam
1053 979 1323 1054 insolentiorem
1341 980 1573 1056 admiserunt.

182 1101 337 1190 Ibidem,
357 1101 426 1175 sub
442 1101 502 1175 fin.
520 1099 705 1176 Bnokhius
718 1105 874 1186 ΠΟΡΤΙ,
892 1098 985 1173 etin
1001 1101 1035 1172 4.
1062 1103 1306 1174 ΕΦΑΝΙΣΑΝ.
1362 1101 1520 1174 Laeunae
1537 1101 1576 1175 in

181 1221 270 1296 edit
290 1221 360 1295 viri
390 1217 524 1295 eruditi
550 1219 589 1292 in
616 1245 673 1294 vv.
692 1223 800 1294 8-11.
827 1243 895 1317 ope
923 1217 1121 1317 apographi
1142 1216 1242 1314 quod
1262 1215 1332 1293 feci
1351 1220 1574 1318 supplentur.

182 1342 324 1418 Ultima
340 1342 378 1414 in
399 1343 453 1414 12.
471 1343 525 1414 14.
540 1365 588 1414 ex
605 1339 725 1438 lapide
738 1349 862 1415 nostro
879 1362 1026 1438 prorsus
1043 1351 1273 1413 evanuerunt.

785 1582 919 1660 CLVI.
946 1608 975 1657 ο.

182 1779 426 1858 Κνδωνιατᾶν
449 1779 473 1857 ἁ
494 1773 605 1862 πόλις
625 1777 686 1856 καὶ
711 1780 747 1854 οὶ
774 1771 925 1874 Κόσμοι
940 1773 1064 1876 Τηίων
1091 1777 1142 1882 τῷ
1160 1767 1279 1882 Anium
1298 1776 1359 1853 καὶ
1378 1775 1425 1881 τᾷ
1444 1775 1573 1880 Βουλᾷ

179 1909 337 2013 χαίρειν.
396 1902 548 2010 Ἐπειδὴ
569 1945 602 1990 κ.
625 1945 658 1989 τ.
679 1921 718 1989 λ.
739 1917 925 2014 (supplens
952 1915 1038 1990 iicet
1063 1915 1109 1991 ud
1130 1915 1317 2013 exemplar
1339 1914 1495 2001 Istronii,
1514 1939 1571 1986 vv.

183 2048 311 2145 1-14.)
342 2041 403 2120 καὶ
427 2039 484 2120 ὅτι
514 2049 631 2121 ταῦτα
659 2037 885 2141 ποιήσαντες
915 2035 1106 2120 ἀκόλουθα
1134 2035 1330 2144 πράξομεν
1353 2037 1400 2144 τᾷ
1423 2071 1463 2118 τε
1484 2041 1572 2119 ποτὶ

181 2171 225 2254 τὸ
247 2179 349 2253 θεῖον
368 2173 542 2280 εὐσεβείᾳ
572 2173 633 2252 καὶ
658 2169 704 2251 τὰ
726 2171 890 2275 με’γιστα
908 2167 1141 2278 χαριξόμεθα
1160 2173 1211 2279 τῷ
1232 2167 1347 2277 δόμῳ,
1368 2171 1570 2273 ἀποκρίνα-

180 2309 272 2384 σθαι
290 2302 419 2404 Τηίοις
439 2303 568 2410 φίλοις
587 2305 648 2383 καὶ
668 2303 814 2387 οἰκείοις
834 2303 955 2400 οὖσιν,
977 2299 1071 2383 διότι
1090 2297 1157 2384 τόν
1175 2298 1368 2382 Διόνυσον
1387 2304 1447 2381 καὶ
1467 2299 1572 2381 αὐτοὶ

179 2432 373 2535 σεβόμεθα
403 2437 464 2514 καὶ
493 2431 560 2515 τόν
578 2432 702 2536 Τηίων
721 2430 840 2533 δόμον
860 2429 1047 2536 συγγενέα
1066 2432 1158 2513 ὄντα
1176 2428 1422 2536 ἀοπαζόμεθό
1446 2467 1485 2512 τε
1513 2435 1572 2511 καὶ

180 2567 397 2666 ἐπαινέομεν
416 2563 590 2647 διότικαὶ
611 2561 770 2672 ἐνδόξως
788 2567 849 2648 καὶ
869 2563 1051 2671 καταξίως
1070 2568 1121 2646 τῶ
1141 2568 1211 2645 θεῶ
1229 2564 1469 2668 προέστακαν
1490 2609 1503 2624 ·
1522 2610 1536 2624 ·
1555 2611 1568 2623 -

181 2700 304 2780 ἕνεκεν
323 2691 378 2778 Ιὧν
400 2701 461 2779 καὶ
493 2696 582 2801 παρ’
604 2698 706 2797 ἁμῶν
729 2693 777 2776 τὰ
807 2691 906 2774 καλὰ
931 2697 992 2775 καὶ
1022 2697 1126 2797 τίμια
1158 2695 1300 2776 δίδοται
1324 2695 1375 2802 τῷ
1401 2695 1472 2801 θεῷ
1498 2695 1572 2774 τῶν

179 2833 316 2937 Τηίων,
347 2829 475 2914 τόντε
500 2826 615 2911 πόλιν
633 2832 695 2910 καὶ
725 2825 794 2908 τὰν
823 2825 950 2931 χώραν
969 2827 1089 2907 αὐτῶν
1109 2825 1195 2926 ἔμεν
1216 2823 1319 2930 ἱερὰν
1338 2826 1398 2904 καὶ
1424 2824 1572 2904 ἄσυλον

180 2966 447 3068 ἀποδείκννμεν
467 2971 533 3044 νῦν
551 2997 593 3045 τε
612 2964 672 3043 καὶ
691 2957 758 3042 τδν
769 2959 894 3040 ἄλλον
912 2955 1051 3064 χρόνον
1062 2955 1198 3056 πάντα,
1211 2959 1271 3038 καὶ
1286 3002 1570 3018 ········

179 3102 295 3199 ἁμῶν,
309 3098 505 3201 γινομένας
520 3103 597 3180 τοῖς
608 3093 736 3197 Τηίοις
750 3100 817 3178 τᾶς
832 3089 1042 3198 ε’γδικοίξιος
1056 3092 1117 3170 καὶ
1129 3097 1194 3175 τᾶς
1209 3097 1345 3174 λοιπᾶς
1361 3091 1571 3188 οἶκονομίας

179 3228 325 3316 καθὼς.
343 3278 357 3291 .
373 3277 387 3292 .
403 3227 535 3311 Σόλων
548 3222 785 3327 Κυδωμιατὴς
798 3267 1569 3288 .......................

252 3417 405 3494 Accedo
426 3416 473 3490 ad
489 3417 637 3490 titulum
662 3417 699 3489 in
717 3417 847 3490 dextra
868 3428 969 3514 parte
999 3375 1140 3513 lapidis,
1169 3411 1234 3510 qui
1264 3413 1394 3485 seriem
1422 3411 1568 3486 claudit.

178 3541 437 3636 Fragmentum
460 3533 645 3621 habemus,
669 3534 708 3606 ni
730 3533 844 3621 fallor,
869 3532 1007 3608 decreti
1024 3532 1309 3633 Cydoniaterum
1332 3535 1436 3629 cujus
1461 3533 1569 3630 parti·

178 3655 298 3730 culam
327 3653 518 3728 ediderant
552 3651 778 3728 Chishullus¹
810 3664 848 3726 et
869 3651 1076 3728 Beckhiusb.
1147 3653 1270 3725 Tenor
1303 3651 1400 3726 idem
1436 3666 1492 3726 est
1527 3677 1568 3726 ac

178 3799 305 3850 eorum
330 3774 394 3872 qui
420 3773 740 3872 praeeunt3'imm0
763 3774 876 3846 verba
900 3773 1066 3871 ipseper
1091 3796 1149 3845 vv.
1175 3775 1256 3845 1-9.
1282 3773 1429 3846 omnino
1456 3771 1569 3846 ferme

177 3897 409 3970 consentiunt
421 3919 505 3970 cum
515 3893 643 3970 titulise
655 3895 903 3983 Istroniorum,
915 3894 1252 3970 Eleuthernaeorum
1263 3907 1301 3971 et
1311 3896 1565 3982 Rhnuciorum.

217 4131 231 4160 ⁸
245 4132 306 4190 Ubi
316 4151 380 4210 sup.
394 4133 440 4190 tit
451 4148 494 4190 nu
512 4152 540 4210 p.
553 4135 617 4191 122.
898 4137 985 4196 3048.
1003 4134 1105 4194 14-16.
1122 4134 1207 4200 3047.
1227 4139 1333 4195 20-24.
1354 4133 1460 4196 26-28.
1481 4141 1566 4198 3051.

219 4231 307 4290 bUbi
320 4250 384 4308 sup.
397 4249 425 4308 p.
434 4228 502 4290 642.
516 4233 642 4292 123055.
899 4235 945 4293 20.

218 4329 323 4388 ‘vide
347 4331 379 4390 0.
398 4329 489 4388 inser.
514 4330 624 4389 Buckh.
653 4332 711 4390 vol.
734 4347 764 4389 11.
794 4352 842 4390 nn.
