3956 5248
168 577 440 660 ruscactxxvu]
678 571 1042 640 PHlLADELPHIA.
1499 574 1561 640 385

237 764 267 827 7.
293 763 615 848 Κοντροκυνηγέσιον.
659 757 738 824 Erat
752 758 879 826 venatio
893 783 966 828 cum
981 772 1073 827 conto
1088 759 1154 827 sive
1168 759 1325 828 venabulo
1341 759 1562 848 (rpoflolirp')

169 892 234 956 quo
243 880 381 934 armatus
391 879 439 933 est
452 867 508 952 qui
522 865 688 954 singularis
701 867 886 955 (ἑνόζνγος)
901 890 974 932 cum
984 865 1050 932 sera
1060 866 1324 934 committebatur.
1363 866 1432 932 Hos
1442 865 1564 932 Bastia-

169 977 243 1054 τίοι,
263 974 640 1062 Comsdctoraescrarum,
656 971 821 1061 Carniflcas
830 973 1012 1054 Aream-ios,
1022 977 1177 1041 vocabant
1186 977 1331 1055 Romani,
1347 990 1380 1043 et
1394 975 1564 1042 certamina

170 1105 282 1149 eorum
290 1083 465 1148 amationm
489 1077 581 1145 Conf.
593 1078 669 1145 loco.
683 1078 800 1145 classic.
810 1079 979 1166 praesertim
991 1078 1177 1159 Ciceronis¹‚
1190 1082 1356 1160 suetonis,
1367 1081 1563 1170 Lampridii¹,

171 1189 258 1254 inter
272 1187 400 1254 Graecos
417 1183 634 1250 Artemidori.
679 1182 840 1271 Graphica
863 1201 937 1249 sunt
951 1185 1033 1272 Imp.
1048 1186 1221 1250 Antoninis
1235 1187 1274 1254 de
1294 1187 1472 1276 spectaculo
1491 1187 1563 1252 hor·

171 1291 295 1371 rend03
340 1297 420 1359 Δίον
446 1294 531 1358 ἐστὶν
555 1287 745 1367 ἇναισθήτου
772 1294 821 1355 καὶ
846 1289 1040 1377 φιλοψύχου,
1067 1297 1115 1358 καὶ
1140 1297 1251 1376 ὁμοίου
1277 1304 1346 1373 τοῖς
1369 1293 1564 1382 ἡμιβρώτοις

173 1399 398 1486 θηριομάχοις,
423 1397 547 1473 οἵτινες,
571 1401 680 1480 μεστοὶ
701 1396 887 1482 τραυμάτων
913 1402 961 1463 καὶ
988 1393 1120 1484 λύθρου,
1147 1400 1385 1486 παρακαλοῦσιν
1408 1405 1494 1482 ὅμως
1520 1403 1562 1469 sic

171 1511 232 1586 τὴν
264 1504 376 1593 αὔριον
399 1501 613 1591 φυλαχθῆναι,
640 1501 965 1590 παραβληθησόμενοι
998 1513 1134 1574 τοιοῦτοι
1158 1517 1227 1585 τοῖς
1258 1509 1366 1584 αὐτοῖς
1398 1507 1488 1584 ὄνυξι
1515 1537 1564 1576 και

170 1611 340 1701 δήγμασιν.
385 1609 523 1676 Proinde
539 1608 641 1676 Graeci
661 1609 758 1698 vulgo
786 1611 986 1698 appellabant
1002 1613 1111 1678 bestiis
1128 1614 1317 1694 commissos,
1340 1615 1565 1704 παραβόλους,

170 1718 403 1796 ἐπιθανατίους,
415 1717 492 1804 quin
506 1716 573 1804 ipse
590 1715 624 1782 S.
639 1717 812 1804 Apostolus
830 1717 913 1783 inter
931 1718 1112 1784 discrimina
1134 1744 1189 1785 sua
1207 1721 1353 1787 meminit
1366 1734 1398 1787 et
1419 1721 1564 1809 θηριομα-

172 1831 272 1914 χίας“.
316 1823 403 1890 Hinc
418 1822 604 1889 crediderim
629 1823 850 1911 explicandam
874 1824 1052 1891 certaminis
1077 1827 1262 1914 ιἰτοτομίαν,
1290 1827 1350 1892 hoc
1373 1837 1428 1903 est,
1452 1827 1565 1912 αιροτί-

171 1943 272 2008 tutem,
286 1933 474 1997 caesarem.
507 1930 621 1997 Sensus
635 1930 842 2020 primigenius
854 1932 939 1998 vocis
954 1933 1130 2019 ιἰιτότομος(1
1147 1946 1194 1999 est
1208 1935 1362 2012 abaciam,
1372 1946 1564 2022 promptus:

172 2039 251 2104 hinc
276 2040 402 2125 ripidus,
422 2041 526 2115 durau,
551 2051 661 2126 repert,
706 2039 862 2128 Congruit
876 2039 966 2128 gloss.
984 2041 1178 2129 Hesychian.
1194 2043 1391 2125 Ἀποτόμως,
1405 2041 1563 2127 σκληρῶς,

172 2157 235 2210 etc.
281 2143 429 2209 Ceterum
449 2143 510 2208 hoo
530 2143 742 2231 spectaculum
757 2143 873 2210 dicitur
887 2145 1021 2210 edidisse
1039 2145 1186 2212 Summus
1210 2147 1369 2225 Sacerdos,
1386 2147 1470 2234 quod
1486 2148 1566 2212 bene

172 2249 311 2315 illustrat
324 2248 406 2314 titul.
427 2247 595 2336 Aphrodis.
611 2248 782 2315 Fellowsiif
793 2250 833 2315 de
849 2249 984 2316 Familia
999 2250 1216 2317 Gladiatorum
1232 2252 1405 2330 Pontificis,
1420 2266 1480 2318 etc.

242 2356 292 2420 13.
314 2353 497 2423 Ἀναθέντα.
542 2355 639 2436 Quasi
654 2354 819 2421 donarium
840 2355 913 2422 urbi
938 2355 1056 2444 patrias.
1093 2357 1180 2424 Vide
1202 2372 1266 2424 not.
1287 2381 1370 2446 supr.
1385 2379 1472 2424 cmx.
1489 2361 1519 2424 9.
1536 2372 1568 2423 et

174 2461 302 2528 Biielrh.
317 2484 348 2526 n.
362 2461 455 2525 3417.
472 2461 501 2526 8.

242 2569 293 2633 14.
318 2568 467 2654 Τάχειον.
513 2563 628 2631 Sensus
653 2565 779 2631 fortasse
803 2579 858 2644 est,
884 2567 1017 2634 solutam
1041 2570 1135 2636 luisse
1156 2571 1334 2659 pecuniam,
1362 2571 1567 2638 dedicationis

173 2671 283 2750 instar,
300 2670 393 2736 simul
408 2684 440 2737 et
454 2670 558 2748 semel,
573 2684 610 2737 ut
625 2673 670 2739 sic
690 2672 780 2739 lieret
804 2673 944 2762 ιἰρχαῖον
966 2676 1007 2742 ad
1031 2678 1305 2744 frumentationem
1321 2679 1448 2744 civium.
1493 2679 1564 2744 Ηοο

173 2776 270 2843 video
285 2775 419 2842 arrisisse
435 2775 590 2854 Btckhio,
607 2776 662 2863 qui
677 2789 709 2842 et
724 2776 789 2842 vim
814 2777 927 2844 tribuit
951 2781 1022 2846 usui
1038 2781 1124 2846 vocis
1147 2782 1313 2863 ἀναθέντα,
1337 2784 1425 2870 quasi
1445 2807 1565 2850 saonam

175 2881 272 2949 fuerit
286 2879 475 2969 depositum.

243 2988 292 3052 16.
317 2990 425 3056 Δόντα
444 3018 472 3056 κ.
488 3015 515 3053 τ.
530 2985 562 3054 λ.
607 2985 655 3053 Ut
674 2985 708 3051 in
727 3010 838 3076 praegr.
857 2989 906 3054 10.
923 3012 947 3054 s.
992 2991 1043 3057 De
1063 3005 1169 3080 petaso
1189 2995 1384 3060 monumenti
1400 2995 1567 3062 Porsennae

209 3234 224 3258 '
236 3228 303 3278 eous.
317 3229 421 3290 Xenopb
432 3229 543 3292 Cynaget
555 3243 581 3277 x.
592 3231 614 3277 8.
927 3234 938 3261 ¹
955 3229 1087 3278 Ousirocrit.
1098 3245 1113 3278 1.
1127 3233 1150 3279 9.

210 3317 221 3344 ¹
238 3311 327 3373 Nempe
345 3314 374 3360 de
388 3313 554 3374 gladiatoribus
571 3317 594 3359 st
605 3311 724 3370 bestiariis,
738 3311 802 3361 Orat
821 3313 846 3360 in
927 3311 939 3346 Β
955 3315 1082 3364 Comment.
1096 3329 1112 3362 x
1133 3318 1154 3362 8.
1166 3316 1226 3362 mod

174 3399 256 3447 Vatia.
266 3413 330 3448 xvn.
343 3400 379 3448 De
389 3400 555 3456 venationibna
566 3399 638 3458 liplst.
648 3399 678 3445 ad
689 3399 761 3445 Divv.
768 3411 814 3446 vn.
825 3403 844 3446 1.
927 3399 1035 3448 Notabile
1042 3407 1077 3448 est
1085 3401 1211 3448 Luciannm
1220 3402 1280 3448 inter
1285 3401 1401 3464 θεάματα
1411 3406 1464 3452 τῶν
1471 3401 1563 3463 Ἐλλη-

209 3490 219 3525 7
237 3485 317 3534 Claud.
330 3498 423 3532 xxxrv.
438 3485 578 3532 “Bestiariis
596 3484 773 3544 meridianisque
790 3485 847 3532 adeo
896 3489 975 3534 νικῶν
993 3499 1117 3533 munerare
1136 3493 1159 3534 et
1178 3485 1256 3548 Θὴρια
1274 3489 1519 3552 κατακοντιζόμενα,
1538 3491 1562 3536 iu

172 3569 337 3627 delectabatur,
350 3573 377 3616 ut
394 3575 418 3616 et
433 3569 507 3629 prima
517 3567 568 3615 luce
587 3568 617 3614 sd
634 3567 789 3628 spectaculum
806 3569 847 3616 de-
895 3571 990 3628 Toxari
1001 3585 1061 3628 arx..
1074 3572 1117 3618 boc
1128 3577 1169 3627 est,
1183 3577 1251 3619 astate
1258 3573 1348 3622 Solonis
1359 3575 1563 3624 ctrinacharsidis.

173 3655 313 3712 „meaa”
324 3659 364 3700 etc.
384 3667 415 3700 sa
425 3653 542 3703 Claudius.
554 3653 620 3702 Cont
632 3653 657 3700 in
668 3653 726 3700 Tito.
734 3666 781 3700 vrr.
927 3662 938 3687 θ
955 3656 1006 3704 Cor.
1019 3669 1035 3703 r.
1050 3659 1087 3705 tt.
1101 3659 1138 3704 32.
1152 3657 1237 3704 Vocem
1249 3655 1445 3724 ἱθηριομάχηαα
1461 3660 1485 3707 in
1497 3673 1563 3706 ssueu

208 3746 218 3772 ¹
234 3739 354 3800 Elagabai
359 3753 424 3788 xxv.
431 3739 589 3788 “Straviteibi
595 3737 749 3785 tricliniumin
756 3752 846 3786 summo
892 3741 991 3801 physico
1002 3742 1095 3788 omnino
1105 3743 1261 3802 accipiendum
1273 3757 1329 3791 reor.

174 3825 277 3882 lusorios
298 3830 328 3884 et,
345 3824 401 3872 dnm
420 3825 548 3884 pranderet,
570 3825 654 3872 noxios
675 3828 698 3870 et
712 3824 846 3870 venationes
926 3822 938 3856 ⁶
955 3825 1022 3874 Ocni.
1033 3825 1108 3874 strab.
1119 3839 1165 3874 nrt.
1178 3829 1200 3874 8.
1213 3841 1234 3887 p.
1247 3830 1285 3875 89.
1304 3828 1362 3876 ibid
1376 3833 1396 3877 7.
1409 3843 1431 3888 p.
1446 3831 1483 3876 60.
1502 3828 1562 3874 lou-

174 3909 219 3958 sibi
230 3907 359 3956 exhibuit!
392 3907 472 3955 Addat
488 3913 511 3954 st
526 3907 645 3956 Commod.
666 3921 724 3954 xm.
757 3908 844 3956 Vocem
894 3908 941 3968 gin.
954 3909 990 3955 De
1001 3909 1064 3957 Subi
1077 3923 1161 3956 xxvrr.
1174 3916 1196 3957 et
1208 3923 1266 3958 1.er¹
1281 3913 1305 3958 in
1320 3912 1420 3970 Sapieut.
1432 3925 1457 3958 r.
1475 3913 1513 3959 20.
1527 3924 1561 3958 vr.

173 3993 277 4040 niuem
294 3993 383 4042 muru
401 3992 426 4038 sn
444 3993 474 4038 rr.
493 3991 522 4038 n.
538 4004 563 4039 v.
582 3994 618 4040 ιι.
639 4007 660 4052 p.
674 3994 728 4040 aaa.
750 3992 802 4051 Bip
822 3998 846 4040 a
895 3995 917 4040 s.
929 3998 952 4039 u
963 3993 1025 4038 auor.

173 4077 280 4127 Graecam
299 4077 351 4124 Dio.
374 4089 446 4124 nm.
470 4079 509 4124 22.
536 4075 588 4124 nat
608 4076 726 4134 πολλοὺς
751 4091 779 4141 γι
803 4073 845 4124 isr'
927 4077 1034 4138 “comp
1047 4077 1100 4124 Val.
1118 4079 1217 4126 Maxim.
1235 4091 1262 4126 tr.
1276 4085 1297 4128 7.
1313 4084 1349 4127 14.
1362 4093 1396 4126 tn.
1410 4081 1432 4128 ³.
1447 4083 1483 4128 la.
1502 4081 1560 4129 ibid.

173 4161 315 4220 αὐτοῖςκαὶ
326 4157 515 4217 παντοδαποὺς
527 4158 633 4225 ἀγῶνας
641 4161 722 4220 ἔθηκε,
734 4158 844 4225 θέατρόν
896 4163 918 4210 t.
932 4164 954 4209 4.
1599 4169 1601 4172 '

173 4265 198 4297 rr
206 4247 380 4310 κυνηγιτιιιὸν
388 4243 517 4309 ἰκριώοας,
528 4245 542 4294 b
552 4247 594 4295 sni
605 4245 779 4311 ἀμφιθέατρον
789 4274 799 4286 -
811 4274 822 4286 -
833 4274 843 4286 -
931 4245 940 4278 ¹
957 4247 1036 4308 Lycia,
1049 4261 1070 4307 p.
1084 4249 1138 4296 ³05.
1151 4249 1196 4297 'lit
1210 4251 1247 4298 20.

174 4327 344 4394 προοερρἒη.

238 4433 354 4478 rasore.
370 4432 406 4476 11.
846 4413 903 4477 31>
