4004 5264
778 568 978 634 MYLASA.
1080 631 1084 638 .

762 877 991 952 MYLASA.

812 1282 893 1358 CV.
921 1308 951 1355 a.

312 1527 322 1546 .
339 1474 1441 1547 ΑΥΣΣΩΛΛΟΣΕΚΑΤΟΜΝΩΤΟΜΒΩΜΟΝΑΝΕθΗΚΕΝ

405 1661 681 1747 Matucaium
699 1659 916 1762 Ἑκατόμνω
935 1658 1002 1741 τὸν
1020 1656 1151 1759 βωμὸν
1171 1657 1359 1759 ἀνέθηκεν.

256 1859 404 1934 Titulus
430 1859 656 1932 monumenti
681 1859 842 1956 insignis,
870 1883 1010 1955 nempe,
1038 1883 1109 1931 arae
1142 1883 1164 1931 a
1192 1857 1391 1930 Maussollo
1414 1859 1462 1930 II.
1496 1856 1571 1929 filio

178 1985 409 2071 Hecatom,
424 1984 487 2079 qui
503 1982 694 2080 praefectus
715 1974 950 2082 (σατράπης)
960 1984 1079 2058 fuerat
1090 1983 1206 2058 Cariae
1219 1984 1287 2057 sub
1300 1983 1571 2056 Artaxerxibus

179 2107 228 2178 II.
248 2117 285 2178 et
302 2105 384 2190 ΠΙ.,
403 2102 587 2176 dedicatae.

255 2228 413 2300 Exstant
428 2224 468 2296 in
480 2223 629 2296 castello
646 2222 854 2321 Mylasensi,
872 2221 991 2296 media
1010 2223 1049 2295 in
1070 2224 1172 2316 urbe,
1189 2222 1264 2295 duo
1283 2221 1468 2319 fragmina,
1487 2246 1572 2317 quo-

178 2369 261 2418 rum
281 2369 396 2418 unum
418 2343 531 2417 refert
555 2345 701 2418 titulum
726 2345 842 2432 initio,
863 2345 1016 2419 alterum
1039 2344 1120 2432 fine,
1139 2356 1355 2418 mineatum.
1407 2344 1571 2416 Priorem

179 2465 364 2562 descripsi.
417 2466 625 2560 Utrumque
643 2464 807 2540 ediderat
819 2463 1024 2540 B'oolrhiusw
1043 2489 1092 2538 ex
1108 2463 1251 2538 schedis
1266 2463 1532 2540 Sherardjanis¹
1551 2489 1572 2536 a

177 2583 338 2656 Mallero
355 2585 533 2676 tractatis3
551 2586 788 2682 posteriorem
798 2597 903 2659 antea
915 2585 1089 2660 Leakius'
1105 2598 1143 2659 et
1154 2585 1401 2659 Letronnius2.
1438 2585 1571 2659 Habeo

178 2727 327 2801 quoque
344 2703 391 2776 ad
407 2729 534 2778 manus
552 2705 758 2804 apographa
774 2706 1008 2794 Borrelliana,
1026 2728 1181 2801 quorum
1206 2729 1320 2779 unum
1337 2705 1384 2778 ad
1401 2707 1571 2778 amussim

177 2825 292 2899 ferme
311 2825 485 2922 scriptum
504 2824 813 2900 Cadalvenianum
830 2838 894 2900 est.
945 2827 1037 2900 Haeo
1054 2824 1267 2924 apponenda
1284 2825 1395 2898 duxi:

279 3015 312 3063 a.
330 2996 1421 3067 ΑΥΣΣΩΛΑΟΣΕΚΑΤΟΜΝΩΤΟΜ.ΩΝ.ΗΑΝΕΘΗΚΕΝ.

279 3102 308 3173 b.
333 3108 1384 3179 ΑΥΣΣΩΛΑΟΣΕΚΑΤΟΜΝΩΤΟΜΕΟΜΟΙΙΑΝΕΘΗΚ.

281 3239 306 3285 e.
327 3219 1450 3292 ΑΥΣΣΚΜΛΟΣΕΚΑΤΟΜΝΩΤΟΜΒΩΜΟΝΑΝΕΘΗΚΕΝ.

255 3379 409 3478 Scripsit
421 3380 606 3456 Bdekhius
623 3384 662 3456 in
679 3386 772 3458 obss.
790 3384 951 3458 adhunc
968 3385 1134 3458 titulum:
1156 3396 1175 3426 “
1193 3385 1287 3459 Duae
1309 3397 1394 3460 sunt
1410 3411 1500 3480 arae;
1528 3389 1568 3461 in

178 3504 198 3576 b
212 3507 306 3579 sitne
319 3496 596 3585 Μαύσσωλλος
608 3509 669 3582 vel
682 3499 930 3587 Μαύσσωλος
947 3536 993 3583 an
1007 3501 1229 3608 Πιξώδαρος
1246 3510 1478 3585 scribendum
1504 3512 1568 3586 du-

177 3627 285 3700 bito.'’
336 3629 517 3725 Loquitur
534 3655 664 3728 nempe
683 3631 728 3705 de
749 3630 989 3706 Sherardiano
1007 3631 1167 3705 secundo
1183 3631 1221 3704 in
1238 3653 1312 3725 quo
1328 3629 1569 3728 fragmentum

177 3751 307 3822 ΑΛΟΣ
334 3747 526 3822 dumtaxat
552 3749 708 3823 nominis
735 3753 900 3826 restabat.
965 3750 1085 3846 Atqui
1113 3749 1175 3823 hie
1201 3750 1324 3824 nullus
1352 3751 1569 3825 dubitationi

176 3867 279 3942 loeus
297 3881 361 3942 est.

218 4063 238 4092 ¹
253 4055 320 4112 Vol.
334 4071 366 4112 ιι
379 4053 635 4132 praemetet
649 4058 706 4116 ab.
938 4063 951 4102 Υ
971 4059 1073 4136 Diony,
1087 4065 1142 4115 eto.
1156 4076 1184 4134 p.
1194 4059 1260 4117 338.

218 4160 232 4190 ¹
250 4153 319 4214 coa
333 4172 361 4230 p.
369 4156 417 4212 58.
457 4154 531 4213 ask.
543 4173 573 4214 ru
588 4158 634 4214 31.
939 4167 951 4196 ¹
971 4156 1213 4216 JourndesSar.
1226 4175 1272 4214 an.
1286 4157 1368 4214 1825.
1382 4173 1410 4231 p.
1422 4157 1488 4213 402.
