3972 5240
490 544 565 608 264⁶
897 539 947 605 IN
950 535 1248 606 SCRIPTIONES
1271 535 1463 608 GRAECAE.
1656 537 1866 625 [mscaccav.
1957 575 1958 586 .

566 728 730 801 Titulum
758 751 911 824 reponas
937 727 1032 800 inter
1054 725 1242 824 Bithynos,
1267 749 1325 823 pp.
1350 731 1405 799 ll.
1424 749 1469 798 ss.
1511 725 1743 822 Descriptum
1765 725 1864 798 habui

491 852 536 924 de
554 851 659 925 theca
679 853 780 948 (quae
796 851 856 924 hic
873 838 1035 929 mtetost
1048 851 1282 950 appellatur),
1299 852 1394 924 inter
1410 850 1604 948 parietinas
1621 851 1753 926 veteris
1769 851 1864 923 Nico·

490 973 629 1048 mediae.
656 975 824 1048 Meminit
837 974 962 1050 Severi
979 973 1167 1072 cujusdam
1179 976 1242 1073 qui
1260 975 1401 1048 thecam
1418 963 1487 1068 τὴν
1506 964 1733 1071 συγγενικὴν
1742 989 1864 1050 restau-

489 1109 631 1168 raverat
646 1075 685 1168 in
713 1121 817 1168 suum
844 1121 949 1168 usum
977 1097 1213 1194 conjugisque
1240 1095 1455 1170 Hieroclem.
1506 1096 1603 1170 Dein
1620 1095 1754 1168 nemini
1771 1095 1863 1168 alteri

485 1214 546 1308 jus
563 1213 602 1286 in
615 1237 657 1286 ea
670 1213 868 1311 sepeliendi
880 1238 1090 1287 concessum
1104 1213 1213 1286 fuisse
1231 1214 1301 1287 nisi
1317 1213 1440 1286 liberis
1454 1237 1589 1308 eorum,
1603 1213 1712 1310 idque
1723 1227 1862 1288 tautum·

489 1333 597 1406 modo
624 1334 814 1431 ingruente
847 1333 1003 1429 quadam
1036 1331 1268 1407 necessitate¹.
1321 1329 1465 1406 Multae'*
1484 1331 1706 1407 definiuntur
1734 1333 1763 1406 si
1790 1334 1862 1430 quis

488 1456 635 1527 bustum
653 1454 850 1542 violaverit,
869 1455 1077 1554 singillatim
1093 1453 1294 1552 pendendae
1308 1455 1443 1542 oerario,
1457 1452 1596 1527 civitati
1609 1451 1860 1536 Nicomedensi,

489 1573 705 1648 Arbelanis¹.

563 1693 690 1766 Edidit
707 1690 891 1767 Bockhius
909 1715 957 1764 ex
970 1690 1106 1764 Hasio¹¹¹
1116 1701 1153 1762 et
1171 1688 1347 1780 Uhichio
1359 1715 1443 1764 cum
1456 1688 1598 1762 mendis
1614 1689 1653 1761 in
1665 1714 1724 1762 vv.
1739 1693 1767 1762 1.
1784 1690 1816 1761 3.
1829 1689 1857 1760 8.

487 1819 744 1900 ΣΕΓΙΤΙΜΟΣ,
761 1817 1094 1896 ΑΝΑΙΩΣΑΜΗΝ,
1118 1813 1339 1884 ΠΟΤΗΣΕΙ.
1367 1809 1536 1882 Limitcm
1556 1809 1652 1882 aetati
1669 1808 1771 1882 facile
1786 1833 1859 1882 eon·

487 1934 655 2020 stitueris,
673 1945 714 2006 ut
731 1933 769 2004 in
786 1931 865 2004 aliis
883 1928 1182 2028 quamplurimis
1201 1953 1250 2002 ex
1266 1929 1411 2002 nomine
1429 1927 1672 2026 imperatorio.
1716 1927 1857 2002 Accedit

485 2077 593 2151 porro
617 2052 717 2148 quod
743 2076 876 2124 nomen
900 2050 1089 2124 Hierocles
1110 2047 1227 2147 (unde
1245 2049 1439 2124 Hieroclen
1455 2049 1493 2121 in
1510 2073 1546 2124 v.
1566 2047 1618 2146 5.)
1637 2061 1716 2122 erat
1730 2048 1855 2145 insigne

486 2173 583 2270 apud
602 2172 778 2271 Bithynos
796 2182 968 2269 regnante
982 2169 1238 2244 Diocletiano¹¹.

525 2419 539 2457 ¹¹
555 2419 653 2484 Πῦιλος
667 2421 699 2477 in
711 2439 738 2476 v.
753 2424 790 2488 3.,
803 2440 867 2496 quae
889 2429 919 2478 et
932 2418 1043 2492 πύελος,
1065 2430 1101 2479 ut
1118 2439 1156 2479 ex
1205 2419 1283 2480 Vide
1291 2421 1311 2480 J
1312 2421 1408 2499 aseph.
1416 2423 1489 2482 BelL
1498 2423 1518 2481 J
1520 2423 1569 2481 ud.
1580 2441 1622 2482 111.
1631 2427 1659 2484 5.
1670 2425 1698 2482 2.
1708 2424 1757 2483 fin.
1772 2421 1854 2502 (Hasii

487 2520 633 2578 Lobeckio
646 2529 676 2577 et
686 2519 721 2576 al.
731 2531 829 2576 monet
840 2519 995 2578 Passovius
1004 2521 1036 2578 in
1046 2520 1155 2579 Enchi·
1205 2539 1232 2596 p.
1243 2523 1309 2580 845.
1318 2521 1367 2598 Β.)
1387 2521 1600 2598 Explicationis
1608 2523 1731 2582 alterius
1740 2520 1854 2581 meminit

486 2620 541 2680 rid.
557 2621 613 2677 vol.
628 2637 658 2676 11.
673 2639 701 2696 p.
717 2622 783 2678 818.
794 2639 827 2688 a,
839 2619 1026 2689 anaticis-am,
1041 2618 1153 2684 alveum
1205 2617 1315 2678 Bdclnh.
1329 2637 1394 2694 quaa
1407 2619 1490 2676 nullo
1502 2629 1587 2696 pacto
1600 2629 1677 2679 stare
1689 2629 1789 2698 potest.

485 2721 517 2777 in
532 2719 634 2798 Odyss.
648 2722 678 2789 τ’,
693 2720 760 2778 553.
781 2715 952 2776 condiendus
965 2717 1040 2795 (sive
1052 2714 1156 2794 pelvis)
1248 2715 1262 2754 ¹¹
1277 2719 1426 2796 Πςοπίμου
1435 2718 1498 2776 inv.
1506 2721 1532 2776 8.
1540 2717 1607 2776 vide
1616 2719 1853 2778 inducamur

485 2819 655 2882 anserinum
677 2817 708 2874 in
719 2815 870 2892 Aristoph.
882 2815 971 2892 vesp.
980 2817 1043 2874 141.
1054 2813 1155 2873 solium
1205 2836 1234 2875 v.
1249 2815 1276 2880 7.

476 2915 570 2988 sarni
578 2935 588 2970 :
617 2913 674 2972 Vas
696 2930 811 2988 quoque
833 2911 970 2983 balneare,
985 2913 1033 2970 uti
1049 2915 1155 2990 probat
1246 2912 1254 2944 ¹
1269 2916 1453 2992 'deauranda
1468 2933 1496 2970 v.
1511 2917 1539 2978 9.
1560 2915 1605 2972 De
1617 2913 1697 2972 hisce
1709 2915 1854 2973 dubitatur.

486 3035 523 3074 ex
534 3013 686 3090 Eupolidis
697 3011 849 3070 Taxiarch.
867 3012 985 3072 Pollux.
1021 3013 1154 3072 Recenti·
1205 3013 1292 3072 Certe
1303 3013 1443 3071 videntur
1460 3012 1550 3071 fuisse
1571 3015 1603 3071 in
1616 3013 1727 3072 ditione
1739 3015 1855 3072 Nicoma·

486 3133 570 3172 orum
584 3122 646 3172 eret
659 3113 741 3170 theco.
1204 3114 1346 3184 densium,
1366 3123 1396 3172 et
1409 3113 1472 3172 veri
1485 3113 1579 3172 simile
1596 3124 1641 3174 est
1659 3114 1754 3174 locum
1768 3113 1854 3172 Dionis

527 3211 534 3252 ἱ
548 3217 582 3271 Et
589 3215 625 3289 μή
640 3222 693 3270 etc.
704 3213 735 3269 in
746 3233 772 3270 v.
784 3215 811 3275 7.
822 3213 1036 3289 interpretatur
1043 3210 1154 3270 Bdckh.
1203 3214 1257 3273 ubi
1265 3220 1402 3271 narratur
1411 3213 1480 3288 fuge
1489 3211 1656 3270 Macriniad
1664 3231 1712 3270 eos
1721 3212 1853 3289 respicere,

486 3315 556 3372 Nisi
568 3316 594 3372 εἰ
611 3333 656 3372 rea
674 3323 770 3390 urgent
789 3322 813 3370 et
827 3311 960 3388 reptilem
973 3331 1041 3370 usus
1058 3312 1094 3369 ait
1105 3330 1154 3369 ne·
1205 3334 1243 3374 sc.
1258 3331 1388 3372 axxvru.
1403 3318 1450 3378 39.
1473 3317 1525 3371 Καὶ
1535 3311 1665 3385 lactatam
1677 3310 1720 3372 dui
1733 3317 1773 3378 τῆς
1787 3321 1852 3369 Kar-

485 3413 622 3470 ceatarim
635 3411 727 3470 liberis
736 3412 845 3470 nostris.
874 3411 952 3469 Vide
964 3420 1062 3468 notam
1076 3409 1113 3468 ad
1126 3430 1155 3468 n.
1206 3409 1332 3478 andonius
1352 3417 1399 3471 ui
1420 3417 1462 3477 τίῐς
1477 3413 1612 3478 retacta
1634 3417 1677 3477 rte
1698 3437 1725 3472 τι
1745 3411 1852 3477 Bituniae,
1957 3459 1958 3472 .

486 3510 573 3575 3774.
591 3513 635 3570 12.
667 3511 732 3568 Hoc
753 3511 851 3568 minus
865 3511 1047 3587 probaverim
1061 3528 1153 3586 quum
1201 3505 1852 3594 pixgce’Egcssaitwredimitione,roduumn'pc

486 3610 576 3683 iw‘yu
589 3610 725 3668 videatur
732 3609 889 3667 adsciscere
897 3627 995 3667 casum
1004 3619 1152 3686 quartum,
1203 3617 1247 3678 τῆς
1260 3616 1308 3670 τὸν
1322 3608 1476 3686 Νικομιδίυι
1490 3612 1586 3674 rinus
1600 3607 1675 3676 inor.
1704 3607 1853 3668 Emtnimi·

486 3711 563 3769 utin
576 3711 629 3768 loc.
645 3708 878 3767 Herodianus.
894 3707 975 3766 Ἀλλ’
988 3707 1030 3784 ἐμὲ
1042 3715 1154 3768 καλοῦσι
1203 3731 1272 3771 rum
1284 3711 1385 3769 navale
1394 3711 1483 3786 juxta
1496 3710 1593 3768 sinum
1606 3709 1787 3769 &moenum

484 3809 666 3884 'repetunt
680 3809 788 3882 συνιχῧς
803 3808 904 3874 §adnm
924 3806 1061 3879 inritavere
1074 3804 1153 3886 igitar
1244 3816 1264 3846 ¹²¹
1279 3809 1356 3868 Vide
1387 3809 1467 3866 Diar·
1500 3808 1596 3866 Asiat.
1629 3828 1676 3868 an.
1706 3805 1783 3868 182&
1811 3822 1851 3882 pp·
1957 3839 1958 3864 t

485 3911 597 3989 uxsi'ga
610 3908 727 3987 Μήιον
740 3931 800 3964 aar.
813 3919 839 3964 λ.
872 3905 1026 3964 Libentius
1045 3905 1154 3982 accipio
1204 3907 1270 3972 257.
1291 3928 1328 3966 ss.
1957 3903 1958 3920 ¹

486 4007 732 4066 constructionem
745 4014 763 4064 at
774 4008 810 4080 μὲ
824 4001 923 4075 τέκνοις,
938 4025 1006 4064 cum
1019 4005 1059 4064 u.
1070 4005 1153 4085 ἐπείξῃ
1244 4013 1259 4042 ¹¹
1282 4005 1363 4065 Conf.
1378 4005 1474 4064 Vates.
1488 4004 1641 4063 Emendat.
1656 4022 1675 4064 1.
1687 4007 1715 4066 5.
1726 4023 1771 4082 pp·
1783 4005 1807 4067 9·
1819 4016 1849 4056 ⁸³·

485 4107 666 4184 interposito,
690 4104 745 4162 hoc
768 4113 821 4174 est,
840 4113 985 4180 premente
1006 4103 1152 4173 occasione,
1204 4103 1284 4162 citat.
1295 4104 1332 4161 ab
1346 4103 1445 4174 Hesio,
1467 4111 1498 4160 et
1511 4102 1646 4161 Pearaon.
1665 4103 1696 4161 in
1709 4101 1848 4178 prolegom
1957 4121 1958 4166 t

486 4205 546 4272 scil.
555 4204 580 4263 si
587 4223 645 4264 non
653 4202 743 4262 alium
751 4202 848 4261 locum
856 4200 1013 4278 sepulturae
1019 4199 1152 4260 habeant.
1204 4198 1241 4257 ad
1256 4199 1382 4260 Hierocl.
1397 4201 1441 4259 De
1454 4201 1571 4260 Provid.
1585 4211 1615 4262 et
1628 4203 1709 4262 Fato.
