3956 5248
165 607 494 687 msca.ctvr.,env11.]
794 605 921 673 TEOS.
1487 615 1547 684 369

225 791 253 852 4.
281 796 340 856 Καὶ
356 791 453 856 αὐτοί.
498 788 653 877 Congruit
673 791 733 856 hoc
756 803 834 878 typo
849 792 971 856 nummi
986 793 1068 858 inter
1084 795 1305 876 Eokhelianos‚
1326 821 1439 887 nempe
1454 806 1548 889 copiti

164 899 291 964 Boccho
305 901 415 968 tedam
430 913 455 966 et
470 902 616 988 corymbis
630 904 777 982 redimito,
793 927 865 967 cum
881 903 1063 992 epigraphe,
1081 903 1258 971 ΚΥΔΩΝ.

225 1007 254 1068 6.
280 1011 490 1091 Προέστακου.
529 1007 661 1092 Nempe,
677 1020 713 1071 ut
727 1007 809 1071 inter
824 1007 966 1073 homines
980 1017 1161 1097 προστάται,
1173 1018 1307 1102 patroni.
1332 1016 1470 1083 Illustrat
1485 1019 1544 1085 loc.

163 1110 338 1176 Demosth.⁰
371 1119 430 1178 Καὶ
455 1117 595 1200 τοσοότιρ
618 1112 699 1200 ῥᾷόν
725 1119 808 1181 ἐστιν
835 1112 896 1201 ἰδίᾳ
920 1119 1010 1193 τινὰς
1037 1117 1225 1205 θεραπεΰειν,
1251 1123 1270 1200 ἢ
1299 1127 1363 1190 τῶν
1393 1128 1544 1212 ὑμετέρων

161 1219 287 1288 δικαίων
302 1219 518 1306 προΐστασθαι.
563 1220 636 1285 Νοα
652 1221 792 1286 absimile
807 1236 896 1286 sonat
910 1236 1049 1288 nostrum
1063 1251 1070 1302 ;
1093 1226 1136 1292 To
1146 1230 1327 1317 standfortlt
1342 1232 1375 1294 ira
1390 1231 1543 1318 bebolfos,

161 1331 209 1402 (ut
222 1325 291 1408 hic)
304 1327 337 1388 in
351 1325 467 1388 tonuit·
481 1327 517 1412 of
526 1326 573 1390 tlte
585 1329 653 1410 qod.

806 1472 943 1538 CLVII.

221 1618 251 1680 8.
276 1617 573 1705 Προκαθηγεμόνος.
619 1617 740 1682 Edocet
755 1615 912 1682 osannusr
927 1619 1012 1704 quod
1034 1645 1090 1708 per
1105 1621 1327 1709 appellationes
1342 1624 1488 1712 Ἡγεμών
1510 1639 1543 1692 et

160 1719 364 1805 Καθηγεμών,
382 1719 466 1783 nude
490 1717 615 1806 positas,
631 1718 851 1806 designabatur
865 1721 1005 1799 Iacchus,
1021 1738 1056 1789 ut
1080 1725 1191 1790 ductor
1204 1727 1344 1806 coloniae,
1359 1730 1411 1794 vel
1434 1745 1541 1797 auctor

158 1824 304 1901 civitatis,
320 1841 379 1891 etc.
425 1825 477 1890 Sic
497 1840 529 1890 et
550 1826 668 1912 Apollo
683 1829 900 1915 Ἀρχηγέτηςς
923 1853 1005 1917 supr.
1022 1853 1107 1896 κατι.
1125 1837 1153 1898 9.
1176 1834 1322 1900 Occurrit
1336 1836 1486 1922 posterior
1506 1837 1539 1901 in

158 1929 360 2009 Bockhianis,
376 1956 406 1995 n.
426 1932 519 1996 3067.
536 1935 566 1995 2.
590 1932 682 1998 3068.
700 1935 728 1999 5.
755 1957 795 1998 sc.
821 1942 869 2002 καὶ
888 1943 951 2004 τῶν
967 1939 1150 2025 (τεχνιτῶν)
1170 1947 1241 2026 περὶ
1264 1945 1321 2009 τὸν
1342 1942 1539 2030 καθηγεμόνα

158 2041 329 2119 Διόνυσον,
348 2039 444 2124 idque
470 2040 627 2126 praestanti
650 2039 779 2117 ratione,
796 2065 903 2126 quum,
926 2043 1077 2109 referente
1098 2045 1261 2119 Diodoro‘t
1279 2052 1366 2123 Τήϊοι
1380 2087 1394 2098 -
1408 2087 1423 2098 -
1436 2087 1451 2100 -
1465 2048 1539 2132 παρ’

157 2151 278 2224 ἑαυτοῖς
301 2148 530 2233 ιἰτοφαῖνονται
555 2147 750 2234 (Διόνυσον)
774 2149 970 2225 τεκνωθῆναι·
991 2157 1039 2217 καὶ
1055 2190 1069 2202 -
1083 2191 1097 2203 -
1111 2191 1126 2203 -
1145 2155 1308 2237 τεκμήριον
1327 2157 1454 2238 φέρουσι
1482 2164 1538 2229 τῆς

158 2255 231 2339 παρ’
246 2255 355 2330 αὐτοῖς
368 2259 520 2340 γενέσεως
537 2259 593 2319 τοῦ
614 2251 685 2321 θεοῦ
700 2285 725 2320 κ.
740 2283 766 2318 τ.
782 2256 814 2319 λ.
829 2254 979 2320 nimirum
1002 2269 1128 2344 propter
1142 2255 1262 2322 cultum
1278 2256 1536 2341 antiquissimum,

157 2380 251 2442 quem
266 2368 298 2420 et
312 2355 444 2420 nummir
457 2355 571 2444 passim
586 2356 785 2441 eloquuntur,
802 2381 920 2422 numen
939 2373 1005 2424 erat
1020 2358 1169 2424 Teiorum
1184 2363 1247 2425 dua
1261 2373 1293 2424 et
1307 2385 1427 2448 suspen

222 2461 404 2549 Simplicior
417 2485 533 2538 sensus,
549 2464 613 2526 duc
633 2464 698 2538 aa,
714 2461 838 2527 abunde
860 2463 1062 2528 illustrandus
1076 2465 1164 2530 venit
1185 2489 1226 2529 ex
1250 2465 1471 2553 scriptoribus:
1493 2465 1537 2530 sic

158 2567 356 2643 Herodotus⁸‚
378 2572 416 2635 Oi
432 2571 639 2654 κατηγεμόνες
658 2579 713 2646 τῆς
729 2567 805 2636 ὁδοῦ
819 2568 1016 2656 βουλόμενοι
1041 2574 1076 2638 τὸ
1096 2577 1160 2639 πᾶν
1175 2571 1362 2659 ἐξηγέεσθαι,
1380 2585 1412 2637 et
1426 2579 1535 2651 anteat,

156 2677 289 2753 καλέσας
305 2675 336 2744 δὲ
351 2679 425 2752 τοὺς
440 2679 653 2763 κατηγεμόνας
669 2689 725 2755 τῆς
744 2676 830 2744 ὁδοῦ.
875 2677 1093 2756 Plutarchus¹¹3
1117 2683 1243 2766 Λέγεται
1259 2678 1290 2746 δὲ
1305 2685 1388 2746 αὐτῶ
1409 2681 1536 2765 τὸνμὲν

155 2787 188 2850 ἐν
216 2782 357 2868 Δελφοῖς
387 2781 509 2848 ἆνελεῖν
536 2779 620 2857 θεόν,
645 2779 835 2868 Ἀφροδίτην
862 2781 1058 2869 καθηγεμόνα
1083 2783 1236 2849 ποιεῖσθαι
1265 2791 1314 2850 καὶ
1344 2784 1535 2870 παρακαλεῖν

142 2895 367 2975 ισυνέμπορον,
384 2903 415 2952 et
434 2887 523 2952 brevi
542 2898 671 2974 posteat,
694 2885 881 2960 ἘΕέπλευσε
903 2890 960 2953 τόν
979 2916 1010 2954 τε
1027 2885 1189 2955 Δαίδαλον
1211 2890 1295 2975 ἔχων
1318 2896 1366 2956 καὶ
1390 2889 1534 2977 φυγάδας

155 3001 185 3063 ἐκ
201 3001 329 3080 Κρήτης
343 2993 567 3081 καθηγεμόνας.
613 2991 699 3056 Huic
714 2991 816 3057 sensui
832 2989 1019 3079 primigenio
1034 2993 1115 3057 bene
1130 2993 1277 3058 convenit
1291 2993 1369 3058 alter
1383 3018 1476 3079 quem
1491 3019 1534 3060 ex

156 3100 288 3190 Synesio
303 3099 401 3166 citant
416 3101 677 3189 Lexicographi',
696 3105 866 3178 iactamur,
890 3109 1027 3182 monitor,
1043 3131 1084 3172 sc.
1101 3120 1156 3186 τῆς
1169 3115 1305 3196 γνησίας
1320 3110 1534 3198 καθηγεμόνος

153 3213 216 3276 τῶν
240 3208 431 3294 φιλοσοφίας
449 3211 578 3294 ὀργίων.
634 3206 725 3272 Licet
748 3231 823 3272 vero
849 3207 940 3274 altius
965 3222 1115 3297 repetere.
1160 3213 1198 3277 In
1225 3213 1460 3302 Kathegemone
1482 3217 1534 3298 bic

154 3327 325 3378 memorata
338 3311 481 3376 videmus
499 3315 731 3400 Μοσταγωγόν,
748 3311 927 3378 Ministram
942 3339 1059 3382 sacram
1084 3317 1125 3382 ad
1147 3319 1295 3406 mysteria
1307 3319 1533 3387 instruentem:

153 3417 230 3504 quid
250 3431 336 3482 vetat
358 3430 390 3483 et
412 3418 472 3483 hoc
496 3417 535 3484 de
551 3418 675 3482 Baccho
701 3417 879 3505 praedicare,
894 3421 1113 3508 mysteriorum
1128 3423 1331 3490 instauratore
1346 3439 1379 3490 et
1393 3428 1533 3514 praeside,

153 3535 352 3611 quapropter·
366 3537 399 3588 et
420 3522 473 3588 hic
496 3522 670 3610 nuncupari
685 3522 810 3587 videtur
824 3525 999 3611 specialiter
1015 3527 1279 3615 Προκαθηγεμών,
1302 3529 1362 3596 hoc
1380 3545 1434 3610 est,
1450 3547 1531 3600 cete-

150 3653 256 3696 rorum
271 3629 548 3716 prestantissima,
572 3629 658 3716 quasi
673 3632 1000 3721 Ἀρχιμυσταγωγόςῖ

217 3735 268 3798 10.
290 3733 470 3821 Ἐφήβων-
486 3775 498 3786 -
514 3772 526 3782 ·
540 3732 669 3802 παίδων.
715 3733 800 3801 Vide
822 3737 964 3821 quaedam
989 3755 1160 3807 memorata
1177 3742 1224 3807 de
1243 3743 1354 3810 horum
1370 3747 1471 3812 officio
1497 3747 1530 3811 in

152 3838 347 3916 caerimoniis,
362 3837 394 3904 in
412 3839 546 3905 Decreto
563 3837 784 3904 Stratonicensi
796 3842 880 3928 apud
895 3843 1084 3922 Bbckhium,
1099 3869 1129 3910 n.
1141 3849 1233 3913 2715.
1246 3872 1298 3914 vv.
1312 3852 1330 3912 7
1334 3901 1340 3914 .
1355 3851 1403 3914 11.
1418 3853 1466 3916 15.
1480 3855 1529 3916 21.

181 4081 194 4108 ⁰
211 4075 275 4124 om
287 4076 497 4138 ndaTimocratp.
506 4081 559 4126 700.
570 4079 607 4125 22.
618 4079 645 4124 n
899 4083 904 4112 ¹
924 4080 981 4128 Ibid.
995 4084 1046 4127 128.

183 4170 196 4203 ν
214 4159 396 4220 Syllog.p.259.
898 4171 909 4196 ¹¹
925 4165 991 4212 Thea
1004 4179 1078 4212 xvru.

183 4257 194 4291 α
212 4247 273 4294 nist
284 4245 345 4292 Hirr.
359 4259 398 4292 ιιι.
414 4249 451 4295 65.
897 4255 907 4280 v
924 4249 981 4296 ltin
991 4263 1046 4296 κικ.

184 4339 193 4363 ¹
212 4330 305 4378 munet
316 4331 394 4378 Doctr.
402 4337 445 4378 stc.
455 4343 483 4378 ιι.
497 4333 582 4392 11568.
896 4340 910 4364 '¹
923 4333 987 4382 eona
999 4333 1107 4394 stephan.
1121 4335 1228 4382 Ibesaur.
1241 4341 1282 4380 otc.
1295 4335 1318 4379 ln
1329 4347 1391 4381 voce.

185 4417 194 4442 ⁸
214 4414 274 4461 Libr.
286 4425 331 4460 vn.
345 4416 397 4461 128.
1349 4421 1353 4428 '

218 4513 331 4558 sssc1c.
341 4513 377 4558 11.
