3972 5240
490 539 551 629 252
910 536 1264 604 INSCRIPTIONES
1287 535 1477 603 GRAECAE.
1642 537 1861 624 [rusenccxnv.

1066 851 1256 926 CCXLV.
1282 850 1318 920 b.

1032 1249 1293 1319 ΗΒΟΥΛΗΚΑ

1085 1357 1239 1426 ΙΟΔΗΜ

993 1461 1432 1536 ΟΣΠΡΥΜΝΗΣΣΕῶ

1121 1572 1259 1644 ΝΕΤΕΙ

993 1681 1291 1753 ΜΗΣΑΝΠΑῙΛ

992 1787 1218 1860 ῙΟΝΚΛΑΥ

995 1897 1290 1968 ΔΙΑΝΟΝΝΙΙἝ

994 2005 1180 2076 ΡΑΝΕΟΝ

1035 2113 1182 2183 Hesus

485 2497 535 2578 'H
558 2498 685 2602 Βονλὴ
711 2504 771 2581 καὶ
801 2503 821 2579 ὁ
854 2504 984 2599 Δῆμος
1004 2495 1294 2600 Προμνησσέων
1324 2497 1506 2600 ἐτίμηᾳαν
1540 2497 1715 2579 Πόπλιον
1740 2499 1853 2580 Αἴλιον
1951 2463 1952 2550 r

853 2623 1094 2708 Κλουδιονὸν
1114 2625 1270 2728 Νίγερο,
1293 2625 1377 2705 νέον
1396 2621 1511 2731 ἥρωα.

563 2805 708 2878 Titulus
719 2829 767 2876 ex
778 2801 978 2876 honorariis
991 2799 1054 2895 qui
1067 2811 1103 2871 et
1117 2797 1334 2895 sepulcrales
1352 2800 1524 2872 censendi
1542 2813 1635 2872 sunt.
1670 2799 1851 2894 Insculptus
1951 2767 1952 2860 ν

485 2923 603 2998 fuerat
629 2924 707 2997 basi
737 2935 863 2997 stature
896 2921 1023 3019 positae
1052 2944 1073 2992 a
1105 2919 1239 2994 Senatu
1267 2931 1304 2992 et
1333 2918 1475 3016 Populo
1499 2921 1799 3018 Prymnessiornm
1822 2915 1851 2986 iu
1951 2909 1952 2918 '

485 3047 659 3121 honorem
676 3047 781 3146 Nigri
799 3045 988 3143 cujusdam
1011 3045 1086 3140 jum
1110 3042 1183 3116 sato
1201 3043 1382 3135 defuncti3
1402 3043 1485 3118 ideo
1502 3030 1599 3142 ἥρως
1617 3047 1806 3144 appellatur
1820 3055 1851 3112 ut

486 3193 554 3240 usu
572 3168 701 3265 saepius
720 3163 842 3240 venit‘.

559 3289 791 3386 Descriptum
823 3285 935 3358 habui
966 3283 1011 3356 de
1050 3281 1169 3380 lupide
1207 3282 1302 3354 inter
1343 3281 1476 3356 rudera
1508 3286 1599 3357 areis
1634 3288 1782 3382 entiquae
1811 3301 1851 3350 re·

485 3421 588 3504 perto
616 3409 679 3481 ubi
706 3431 804 3480 nunc
830 3407 919 3479 situs
941 3417 996 3478 est
1012 3405 1113 3477 vicus
1138 3403 1313 3476 Tureieus
1336 3401 1580 3479 Srd-d-Gnazr
1600 3407 1665 3502 qui
1685 3408 1722 3480 in
1744 3405 1850 3476 itinere

480 3537 578 3630 jacet
604 3534 650 3607 nb
670 3531 887 3608 Erkishehir
917 3522 989 3636 (2⁸³
1022 3526 1123 3638 μ)
1151 3531 1171 3601 i.
1194 3554 1222 3602 e.
1248 3529 1428 3628 Dorylaeo‚
1447 3530 1493 3602 ud
1507 3523 1850 3632 Afinn-karan-nnsn
1951 3549 1952 3564 ν

486 3649 590 3761 (na,
610 3669 646 3766 ν)
666 3658 776 3763 mn).

562 3779 683 3852 Video
699 3781 794 3852 inter
812 3777 935 3851 titulos
954 3802 974 3848 a
992 3775 1159 3848 Frsnzio¹
1177 3799 1294 3873 nuper
1311 3775 1426 3850 editos
1444 3779 1507 3872 qui
1524 3777 1652 3852 habuit
1669 3806 1714 3854 ex
1733 3781 1849 3852 Burone

486 3902 531 3974 de
551 3899 672 3973 Wolff.
727 3903 858 3973 Insunt
886 3897 1027 3983 menda,
1056 3897 1094 3968 in
1112 3923 1144 3968 v.
1167 3901 1196 3969 1.
1216 3922 1241 3970 s.
1261 3902 1537 3974 ΝΑΙΟΛΗΜΟ.
1605 3901 1648 3972 In
1678 3903 1709 3972 2.
1733 3924 1755 3970 s.
1780 3901 1844 3967 L·
1951 3923 1952 3996 ν

489 4027 657 4095 ΜΗΣΙΝ.
715 4021 760 4094 In
788 4023 820 4094 3.
840 4046 865 4092 s.
886 4023 1174 4092 ΚΛΑΛΙΑΝΟΝ.
1232 4019 1355 4092 Retuli
1380 4033 1529 4116 propter
1547 4021 1734 4116 insigniter
1758 4017 1797 4090 ab
1815 4035 1848 4082 e0
1951 4027 1952 4108 ν

486 4142 770 4215 demonstratum
784 4141 891 4213 situm
906 4139 1123 4237 Prymnessi‚
1142 4163 1216 4229 seu,
1227 4137 1425 4234 utquidum
1443 4138 1605 4222 efferunt,
1618 4135 1827 4239 Prymnesiae.
1951 4173 1952 4206 ;

526 4342 635 4402 ‘Confi
652 4345 758 4403 Fascio.
770 4361 787 4402 1.
803 4345 848 4402 tie
859 4362 900 4402 xl.
914 4349 941 4404 5.
1268 4345 1355 4400 ⁸Ubi
1370 4363 1449 4420 supr.
1465 4365 1491 4420 p.
1503 4347 1529 4402 2.
1545 4323 1572 4402 n:
1582 4347 1669 4404 3818.
