4004 5264
187 623 294 670 ιπιςιι.
307 599 401 687 xc11.]
694 583 1088 655 HALIOARNASSUS.

764 779 984 852 ΟΔΗΜΟΣ

643 903 1129 979 ΕΤΕΙΜΗΣΕΝΑΡΕΑΝΕΩ

640 1027 1125 1104 ΝΟΣΤΟΥΑΡΕΩΣΤΟΥΝ

643 1154 1018 1229 ΕΩΝΟΣΤΑΙΣΓΙΡΩ

569 1284 590 1354 5
640 1278 1120 1354 ΤΑΙΣΚΑΙΕΠΙΦΑΝΕΣΤΑ

640 1405 1098 1480 ΤΑΙΣΕΚΤΩΝΝΟΜΩΝ

641 1526 1222 1604 ΤΕΙΜΑΙΣΔΙΑΤΕΤΗΝΑΠΟΤ

643 1654 1159 1729 ΩΝΚΤΙΣΤΩΝΚΑΙΤΥΡΑΝ

642 1778 1154 1854 ΟΚΤΟΝΩΝΤΗΣΠΟΛΕΩ

551 1907 597 1978 10
646 1905 1206 1979 ΣΚΑΘΑΚΑΙΙΕΡΟΥΠΟΥΣΓ

648 2032 1213 2104 ΟΝΕΙΣΑΥΙὈΥΕΥΓΕΝΙΑΝΚ

647 2154 1252 2228 ΑΙΤΗΝΑΛΛΗΝΕΚΠΡΩΤΟΓΟ

650 2281 1236 2352 ΝΩΝΑΡΕΤΗΝΚΑΙΜΕΓΑΛΙΟ

648 2406 1141 2477 ΤΗΤΑΚΑΤΑΜΗΔΕΝΕΝ

554 2530 598 2601 15
650 2531 1066 2633 ΛΙΠΗΓΕΝΗΘΕΙΣΑΝ

200 2757 248 2838 Ὁ
268 2763 401 2872 Δῆμος
432 2757 607 2858 ἐτίμησεν
619 2747 741 2861 Ἀρεα
773 2756 936 2856 Νέωνος,
956 2765 1022 2838 τοῦ
1036 2750 1194 2862 Ἄρεως,
1224 2767 1291 2840 τοῦ
1321 2760 1483 2858 Νέωνος,
1515 2765 1594 2844 ταῖς

205 2891 367 2996 πρώταις
386 2894 447 2971 καὶ
467 2886 781 2996 ἐπιφανεστάταις
812 2893 852 2971 εἰς
883 2896 956 2970 τῶν
976 2887 1099 2991 νόμων
1120 2898 1256 2992 τιμαῖς,
1283 2891 1344 2973 διά
1372 2928 1410 2975 τε
1431 2891 1499 2994 τὴν
1521 2890 1594 2972 ἀπὸ

207 3032 280 3106 τῶν
299 3025 461 3107 κτίστων
480 3021 541 3103 καὶ
559 3017 861 3126 τυραννοκτόνων
881 3025 946 3121 τῆς
976 3016 1122 3106 πόλεως
1154 3019 1251 3102 καθὰ
1281 3025 1342 3103 καὶ
1372 3021 1492 3129 ἱεροὺς
1511 3021 1597 3108 τοὺς

208 3164 329 3260 γονεῖς
348 3158 475 3253 αὐτοῦ,
495 3153 693 3257 εὐγένειαν,
711 3155 772 3234 καὶ
790 3149 859 3254 τὴν
879 3153 1006 3254 ἄλλην
1029 3155 1069 3233 ἐκ
1093 3150 1344 3258 πρωτογόνων
1369 3155 1517 3259 ἀρετήν,
1538 3161 1597 3238 καὶ

444 3284 698 3393 μεγαλιότητα
716 3285 810 3369 κατὰ
826 3285 944 3390 μηδὲν
962 3289 1101 3387 ἐλλιπῆ
1120 3293 1359 3390 γενηθεῖσαν.

283 3556 406 3631 Video
430 3557 526 3630 inter
543 3554 767 3632 ΒὸωΙςΙΙῙωαιο
783 3554 1024 3655 fragmentum
1042 3580 1064 3628 a
1080 3554 1240 3628 Miillero
1258 3580 1307 3629 ex
1326 3555 1469 3630 schedis
1488 3557 1600 3630 Beau·

208 3677 371 3751 fortianis
396 3675 659 3774 depromptum.
710 3673 845 3772 Incipit
870 3697 955 3746 cum
978 3698 1010 3744 v.
1033 3675 1088 3746 10.
1114 3683 1152 3746 et
1178 3673 1319 3746 mendis
1347 3687 1469 3748 scatet
1531 3678 1601 3748 De-

207 3794 321 3870 cum't
347 3819 379 3866 v.
406 3795 462 3867 10.
484 3796 1276 3867 ΕΚΑΙΕΡΟΙΣΙΟΙΣΙΟΕΙΣΛΩΟΙΕΥΓΕΝΙΑ.
1334 3795 1379 3867 In
1412 3797 1467 3867 12.
1491 3800 1602 3869 ΠΡΟ-

211 3919 396 3990 ΓΟΝΩΝ.
465 3913 510 3985 In
542 3913 597 3985 13.
614 3911 674 3985 fin.
696 3914 916 3998 ΜΕΤΑΜΟ.
971 3913 1110 4000 ‚1n15.
1131 3918 1418 3988 ΕΕΗΗΘΙΣΑΝ.
1493 3917 1602 4009 Quod

209 4034 476 4134 exspectaven's
489 4057 538 4108 ex
554 4034 617 4108 tali
634 4033 821 4132 farragine,
838 4031 1029 4108 exordium
1042 4031 1175 4106 frustra
1193 4035 1346 4108 tentavit
1359 4037 1415 4108 vir
1430 4061 1599 4110 summus

729 4335 743 4364 ⁰
759 4323 823 4383 vol.
832 4343 863 4384 11.
877 4347 904 4404 p.
915 4331 981 4388 455.
998 4346 1025 4383 n.
1036 4325 1121 4391 2659-
