3972 5240
184 566 287 611 mscn.
304 545 478 634 ccxxxix]
775 543 998 610 EUMENIA.

465 736 584 836 Ἐμοῦ
604 731 782 821 θανόντος
802 736 863 817 καὶ
881 733 1054 840 γυναικὸς
1072 739 1133 817 καὶ
1152 737 1301 834 τέκνοιν,

457 861 531 954 ‘Or
546 862 592 948 ἂν
606 865 747 972 ἀνοίξει
765 865 911 968 τύμβον
929 865 952 969 ἢ
971 866 1119 976 βλάψει
1138 865 1261 976 τάφον

465 1003 638 1082 Πολλοῖς
657 997 789 1101 ἀώροις
807 997 1050 1101 περιτέσοιτο
1071 1003 1297 1104 συμφοραῖς.

400 1126 475 1218 Ὃς
494 1129 524 1212 δ’
546 1127 774 1236 ἐπιχειρήσει
795 1127 939 1209 ἐποίσει
957 1130 1008 1234 τῷ
1028 1127 1155 1236 φίσκιο
1174 1126 1330 1236 δηνάρια

662 1257 835 1366 δισχίλια
852 1255 1095 1338 πεντακόσια.

258 1466 406 1542 Titulus
434 1463 651 1562 sepulcralis.
704 1461 930 1537 Condiderat
947 1465 1102 1538 Hermes
1132 1465 1281 1561 quidam
1305 1467 1510 1566 sepulcrum
1534 1469 1571 1540 in

184 1612 287 1660 suum
316 1611 420 1659 usum
448 1601 485 1658 et
511 1584 675 1682 conjugis
698 1583 931 1682 Aphrodisius
948 1585 1086 1682 filiique
1106 1589 1271 1686 Euosrpi.
1324 1591 1572 1688 Apponuntur

183 1707 229 1781 ad
246 1705 558 1780 conservationem
577 1703 655 1798 ejus
673 1701 762 1775 dirae
779 1716 816 1776 et
833 1703 955 1776 multo.

257 1825 478 1924 Appellatur
501 1823 548 1894 H.
567 1821 819 1895 Eumeniensis
836 1833 874 1894 et
891 1821 1155 1908 Acmoniensis,
1172 1821 1243 1896 hoo
1266 1837 1330 1909 est,
1348 1824 1437 1897 civis
1454 1826 1573 1899 suerat

183 1949 371 2043 utriusqus
388 1945 498 2019 urbis.
552 1946 639 2018 Erat
656 1955 693 2016 et
706 1943 885 2016 Acmonia
901 1943 939 2015 in
957 1943 1116 2042 Phrygis
1132 1969 1262 2043 magna
1278 1947 1354 2019 sits.

260 2071 423 2144 Titulum
451 2069 561 2142 habui
586 2067 804 2165 descriptum
832 2066 878 2141 ds
903 2093 1081 2142 marmore
1104 2070 1140 2142 in
1164 2069 1321 2168 hospitio
1341 2073 1460 2176 (diij)
1485 2099 1572 2170 pros

183 2191 266 2265 fecti
292 2191 438 2265 Turoioi
469 2189 565 2288 apud
594 2190 716 2262 vicum
733 2189 866 2264 [stitit
919 2189 1094 2264 Edidsrst
1121 2191 1353 2265 Arundellus¹
1382 2195 1421 2267 in
1448 2197 1572 2269 tabula

184 2314 446 2412 lithogmphica
462 2313 646 2386 itinerario
663 2313 742 2408 ejus
766 2311 936 2407 subjectu
951 2309 1140 2384 deficiente
1158 2311 1274 2409 prima
1289 2311 1410 2384 littera
1432 2313 1469 2385 in
1487 2341 1518 2386 v.
1541 2319 1569 2388 1.

183 2435 283 2508 etin
312 2435 441 2507 ceteris
471 2431 687 2529 quibusdam
714 2431 856 2504 mendis
884 2431 1049 2504 admissis
1077 2430 1281 2528 dequibus
1315 2433 1353 2505 in
1383 2433 1571 2508 Fasciculo

182 2557 300 2652 pn'ore
316 2553 383 2652 egi.
437 2554 496 2626 Ex
512 2551 576 2624 illo
593 2574 709 2648 nuper
726 2547 923 2623 Franzius¹‘.

256 2672 550 2770 Disoeptsntibus
568 2670 614 2742 do
632 2671 705 2743 situ
722 2669 909 2743 Eumeniae
932 2670 1090 2765 untiquae
1114 2669 1192 2743 haeo
1216 2672 1404 2770 inscriptio
1422 2677 1569 2749 minime

180 2796 367 2878 succurrit,
382 2795 435 2866 uti
449 2791 675 2866 manifestum
694 2806 756 2864 est
807 2792 1155 2888 Descripserutvsro
1166 2794 1368 2868 Pooockius
1386 2797 1423 2869 in
1441 2797 1569 2872 eodem

179 2917 252 2990 situ
281 2917 428 2990 titulum
453 2914 689 3012 sepulcralem
717 2913 756 2986 in
783 2939 856 3011 quo
886 2913 1021 2988 diserto
1047 2916 1183 2988 mentio
1212 2915 1307 2990 sacta
1333 2932 1390 2992 est
1416 2918 1569 2994 Senatus

179 3036 496 3130 Eumeniensium(
504 3041 594 3108 ΕΥΜ
600 3039 655 3108 ΕΝ
662 3033 893 3130 fflN)‚qu0d
903 3033 1117 3108 incuriosius
1131 3050 1358 3132 expresserat
1364 3063 1395 3108 v.
1405 3037 1569 3114 ἀ.ΣΥΜΕ

180 3165 322 3242 ΝΕΩΝ,
350 3157 456 3230 latuit
482 3156 565 3229 ideo
591 3181 717 3229 verum
743 3170 785 3230 ut
813 3157 851 3230 in
878 3157 1076 3254 quaestione
1094 3157 1140 3231 de
1159 3157 1230 3231 situ
1249 3157 1437 3245 Trullensi,
1462 3186 1570 3260 supro

179 3307 212 3352 n.
227 3302 285 3352 cx.
326 3277 507 3350 Nimirum
525 3276 739 3373 opinabatur
754 3275 794 3347 P.
814 3300 851 3348 ss
869 3275 906 3348 in
923 3275 1006 3348 vico
1023 3273 1150 3350 Iohelclt
1166 3277 1341 3372 reperisse
1353 3278 1567 3374 Apameiom

179 3399 363 3482 Cibotum,
382 3409 423 3469 ut
439 3394 537 3492 apud
558 3392 712 3468 Goetizel
727 3391 865 3468 Hirscir
882 3395 1103 3492 Magnesiam
1123 3392 1168 3467 sd
1187 3395 1421 3469 Maesndrum,

768 3632 918 3706 CCXL.
944 3634 978 3706 b.

207 3851 322 3874 .....
335 3803 1568 3899 ΡΗΣΕΙΟΥΔΕΝΙΔΕΑΛΛωΕΞΟΝΕΣΤΑΙΘΕΙΝΑΙΤΙΝΑΕΙΔΕΤΙΣ

180 3915 1568 3987 ΕΠΙΧΕΙΡΗΣΕΙΕΙΣΟΙΣΕΙΕΙΣΤΗΝΕΥΜΕΝΕωΝΒΟΥΛΗΝΙῚΡΟΣΤΙΜΟΥ

177 4026 1399 4101 ΧΑΡΙΝΚΑΙΕΣΤΑΙΑΥΤωΠΡΟΣΤΟΜΕΓΑΟΝΟΜΑΤΟΥΘΕΟΥ

216 4234 222 4274 ¹
235 4233 344 4292 Eoolss
355 4249 406 4290 vn
418 4233 467 4290 As
478 4253 505 4310 p.
518 4231 584 4295 373.
607 4231 688 4290 Cous.
699 4241 757 4290 not
778 4230 846 4289 Len·
938 4229 951 4265 ¹¹
968 4229 1071 4286 Fascio.
1086 4249 1113 4306 p.
1125 4231 1170 4286 23.
1186 4247 1213 4284 n.
1226 4229 1311 4291 3893.

176 4335 255 4392 kion.
270 4353 298 4410 p.
311 4335 376 4398 329.
