3972 5240
155 593 440 682 arcacensem]
589 599 593 616 '
773 591 926 662 ASSOS.

775 901 871 978 CCI.
897 927 932 976 u.

616 1071 1085 1142 ΤΟΝΑΠΟΚΑΤΕΟΤΑΘ

531 1283 544 1298 -
568 1283 582 1298 -
606 1283 620 1298 -
641 1271 708 1317 τον
727 1233 1015 1337 ἀποκατεστάθη
1036 1283 1050 1298 ·
1074 1283 1088 1297 ·
1112 1283 1126 1297 ·
1150 1285 1163 1298 -

227 1407 444 1482 Particidam
466 1408 531 1508 (de
548 1432 621 1505 qua
637 1409 761 1482 monui
778 1409 817 1482 in
835 1409 922 1484 VV.
943 1408 1017 1481 LL.
1037 1431 1160 1484 cxcrx.
1175 1408 1293 1506 supr.)
1312 1408 1486 1507 descripsi
1510 1411 1548 1484 in

156 1523 281 1600 eadem
297 1527 445 1624 regione
462 1551 546 1600 oum
563 1527 819 1624 praeeuntibus,
843 1527 887 1600 iis
915 1526 1066 1602 fortasse
1089 1528 1362 1624 adnectendam,
1380 1554 1492 1627 quum
1510 1547 1548 1607 et

155 1645 277 1720 sormae
294 1657 332 1720 et
344 1647 557 1746 magnitudo
573 1647 776 1722 litterarum
787 1648 944 1721 invicem
956 1647 1145 1744 quadrent.
1181 1649 1256 1725 Sed
1263 1651 1398 1747 justum
1412 1654 1543 1727 seriem

157 1765 293 1840 efficere
311 1767 515 1864 nequibam,
533 1767 618 1842 ideo
635 1793 796 1842 seorsum
814 1767 922 1846 edidi.

760 2009 877 2086 CCII.
905 2035 937 2084 v.

213 2199 1497 2280 rmerueoxonournuurenunuuueumeuenemzuer

213 2275 1472 2424 Ηπησποπεοῑκπεοῑτεπτοῑγιοῑποπεοῑψγῑειοεπ

85 2477 89 2486 .
209 2423 696 2494 ΠΕᾸᾸΙΚΩΝΤΟΣΕΠΕΣ.
721 2469 733 2492 .
756 2469 767 2492 .
795 2421 931 2492 ,ΣΘΗ

154 2588 221 2670 Ἐκ
237 2593 303 2690 τῆς·
321 2584 518 2694 προσόδου
537 2590 610 2669 τῶν
625 2589 750 2693 ἀγρῶν
763 2577 815 2667 ὧν
829 2586 1012 2668 ἀπέλιπεν
1031 2593 1082 2674 εἰς
1101 2583 1301 2688 ἐπισκευὴν
1319 2592 1385 2687 τῆς
1403 2584 1548 2673 πόλεως

156 2719 427 2826 Κλεόστρατος
439 2718 515 2804 vidr
525 2715 685 2819 πόλεως,
697 2717 814 2828 φύσει
829 2718 869 2799 δὲ
883 2718 1199 2820 Ἀπελλικῶντω,
1213 2721 1495 2827 ἐπεσκευάσθη·
1506 2773 1520 2786 -
1530 2774 1544 2788 -

230 2897 376 2972 Titulus
393 2895 675 2970 honorificorum
698 2920 850 2970 numero
866 2894 1018 2970 fortasse
1035 2897 1287 2972 accensendus.
1341 2899 1548 2974 Edoeemur

154 3035 274 3118 partes
286 3017 458 3114 quasdam
472 3017 603 3091 sedium
614 3015 816 3116 (Augustei
827 3016 864 3114 i)
879 3029 1082 3090 exstructas
1094 3016 1204 3092 fuisse
1223 3043 1290 3120 ope
1304 3031 1546 3116 proventuum

153 3141 372 3240 praediorum
386 3163 478 3237 quos
490 3140 714 3240 Cleostratus
731 3139 877 3238 quidam
896 3139 1180 3213 adornationem
1198 3152 1235 3214 et
1250 3140 1546 3222 instaurationem

154 3265 257 3338 urbis
274 3261 477 3359 reliquerat.
1006 3283 1010 3290 ·
1089 3283 1092 3290 ·
1206 3275 1210 3288 ’

228 3382 591 3481 Descriptum'habui
612 3383 651 3456 in
668 3407 711 3457 aa
727 3383 874 3482 regione
902 3383 1255 3479 cujus'nie'ntionem
1281 3381 1351 3456 feci
1378 3382 1417 3454 in
1444 3407 1545 3480 argu-

150 3517 276 3578 mento
299 3529 334 3577 n.
353 3525 518 3589 cxcviii,
544 3503 619 3576 soil.
643 3503 738 3577 inter
761 3502 954 3600 parietinas
981 3493 1110 3600 te'm'pii'
1123 3494 1224 3600 'quod
1247 3503 1418 3600 Augusto
1434 3501 1544 3576 fuisse

153 3625 361 3700 dedicatum
374 3622 585 3721 putaverim.
637 3623 786 3721 Duplex
797 3637 874 3696 erat
885 3621 1147 3720 fragmentum:
1168 3623 1206 3695 in
1219 3647 1293 3696 uno
1306 3622 1547 3696 terminabant

151 3771 281 3822 versus
298 3743 508 3843 singillatim
530 3749 583 3818 ΓΡ
597 3801 615 3817 .
631 3801 649 3816 .
664 3747 854 3826 {reato
869 3801 888 3816 .
905 3801 922 3816 .
938 3749 1025 3818 ΕΠΕ
1038 3801 1056 3816 .
1073 3801 1091 3818 .
1116 3768 1272 3839 quorum
1295 3743 1546 3841 supplementa

151 3869 308 3944 alterum
325 3865 519 3964 praebebat.
1022 3903 1026 3910 ·

229 3986 359 4063 Edidit
390 3983 489 4059 huno
524 3983 669 4058 titulum
697 3982 897 4060 Bockhius’
934 4007 982 4056 ex
1015 3981 1129 4081 copiis
1160 3981 1359 4081 Walpolii²,
1390 3981 1542 4078 Leakii¹,

191 4194 204 4233 ⁷
222 4189 255 4247 T.
268 4203 300 4246 11.
320 4206 347 4264 p.
357 4186 425 4248 871.
439 4205 468 4243 n.
480 4185 566 4250 3570.
607 4187 762 4246 Particuloe
788 4189 825 4246 ab
915 4191 928 4224 ²
944 4187 1089 4258 Memoirs‚
1104 4195 1157 4246 etc.
1170 4206 1217 4263 pp.
1233 4189 1295 4246 128.
1310 4185 1376 4248 465.

151 4289 279 4348 invicem
292 4284 500 4344 discernuntur
514 4285 546 4343 in
564 4285 633 4345 adit.
646 4286 755 4346 Bdokh.
774 4307 826 4366 per
916 4283 929 4314 ⁸
945 4287 1045 4366 Diam,
1059 4296 1113 4347 etr.
1127 4306 1155 4364 p.
1168 4289 1231 4345 12&

150 4385 424 4463 liuaarnduplioam.
1144 4419 1146 4428 =

219 4503 338 4551 susem.
355 4503 391 4548 11.
843 4483 896 4549 tc
