4004 5264
395 575 414 638 8
960 565 1219 632 PRAEFATIO.

469 759 647 834 Monendi
664 771 749 832 sunt
766 757 913 831 demum
925 755 1087 853 legentes
1106 777 1165 826 me
1188 751 1351 850 quaedam
1371 777 1419 825 ex
1437 753 1583 827 sedibus
1601 751 1785 850 apocalyp·

395 902 485 988 tisis,
504 903 692 1000 Pergamo,
710 898 866 996 Epheso,
886 896 1070 982 Sardibus,
1087 891 1348 990 Philadelphia,
1366 891 1451 966 hnic
1479 893 1644 991 compagi
1670 893 1786 966 intex-

396 1042 492 1116 nissc
523 1067 605 1140 quas
634 1040 735 1139 prius
765 1038 825 1113 vel
855 1037 1054 1111 omittenda
1081 1035 1216 1129 censui,
1235 1034 1294 1107 vel
1324 1033 1457 1107 tradidi
1485 1034 1634 1108 maculis
1662 1032 1785 1130 quales

395 1184 520 1256 abesse
537 1181 647 1255 velim
665 1177 874 1254 deformata.
927 1178 1011 1251 Hoc
1038 1176 1208 1250 nimirum
1235 1199 1303 1261 res,
1322 1175 1473 1261 occasi0,
1494 1173 1630 1248 dixerit
1657 1173 1785 1269 aliquis

396 1322 584 1421 imperitia
601 1321 767 1396 ferebant
784 1344 917 1394 secum.
968 1319 1086 1392 Nemo
1114 1341 1198 1391 sane
1224 1317 1288 1414 qui
1305 1316 1344 1389 in
1360 1316 1428 1391 hac
1446 1316 1613 1413 palaestra
1630 1339 1668 1388 se
1685 1337 1785 1387 exer-

395 1463 512 1539 cuerit
527 1463 644 1538 nescit
660 1487 769 1559 quam
786 1459 1055 1535 tenebricosum
1072 1457 1128 1546 sit,
1147 1469 1185 1531 et

828 1671 846 1698 “
857 1663 1030 1723 Periculosa
1043 1663 1163 1741 plenum
1176 1681 1249 1740 opus
1262 1663 1359 1734 aleoe‚’'

395 1835 473 1908 haec
491 1855 709 1908 marmorum
726 1832 971 1916 contrectatio,
990 1855 1108 1928 neque
1129 1829 1233 1903 aliter
1256 1853 1362 1927 quam
1377 1829 1509 1901 iterum
1526 1841 1635 1924 atque
1651 1829 1781 1902 iterum

395 1973 642 2072 pervolvendo
658 1997 764 2072 posse
782 1997 1028 2070 saepenumero
1045 1973 1106 2046 vel
1130 1995 1273 2046 sensum
1291 1971 1351 2044 vel
1369 1993 1568 2044 sermonem
1587 1969 1785 2044 rationibus

395 2115 544 2188 sanioris
561 2111 811 2212 grammatices
835 2119 1094 2208 congruentem
1106 2108 1291 2207 expediri:
1321 2107 1409 2205 quin
1426 2107 1537 2180 immo
1554 2107 1592 2181 in
1610 2107 1784 2206 plurimis,

395 2253 571 2350 sequioris
607 2253 806 2350 praesertim
842 2250 919 2337 aevi,
951 2249 1014 2344 qui
1043 2249 1133 2323 velit
1165 2247 1394 2346 compagines
1435 2248 1507 2321 situ
1540 2260 1577 2321 et-
1606 2259 1785 2322 vetustate

395 2395 543 2467 obrutas
572 2391 771 2466 secundum
795 2389 895 2486 leges
911 2387 1169 2486 praestantioris
1185 2387 1320 2486 linguae
1337 2386 1512 2474 ordinare,
1532 2413 1569 2462 se
1587 2387 1785 2462 discrimini

392 2533 619 2629 objecturum
637 2528 737 2627 quali
753 2527 871 2601 Pollio
888 2524 949 2599 ille
967 2525 1199 2612 Horatianus,
1218 2549 1478 2624 sensurumque
1496 2525 1685 2601 confestim

855 2871 1030 2948 Suppositos
1043 2871 1133 2930 cineri
1146 2870 1273 2930 doloso.’'

395 3063 596 3156 Quacum
625 3063 710 3136 talia
737 3063 819 3149 sint,
842 3086 934 3159 opus
962 3059 1117 3148 difficile,
1145 3085 1285 3134 errores
1313 3062 1479 3160 prompti,
1497 3062 1639 3158 pondus
1666 3087 1784 3160 grave,

392 3229 530 3280 merces
548 3206 690 3304 exigua,
709 3205 843 3292 adsitis,
861 3206 936 3277 LL.
962 3204 1047 3292 BB,
1071 3203 1256 3302 proposito
1280 3202 1451 3278 faventes.
1503 3201 1670 3300 Vestigia
1698 3202 1785 3274 anti-

393 3346 540 3442 quitatis
558 3371 640 3442 quae
656 3345 789 3444 hospes
806 3344 931 3442 pressi,
948 3343 1054 3418 vobis
1070 3343 1131 3417 vel
1148 3368 1170 3418 a
1185 3343 1316 3440 puerili
1334 3354 1438 3416 aetate
1455 3343 1654 3429 observata,
1671 3341 1784 3416 oculis

277 3469 285 3480 ’
391 3486 523 3558 iterum
552 3485 715 3582 subjicio.
769 3485 861 3577 Quae
890 3484 1067 3580 imagines
1095 3483 1252 3556 sinceras
1278 3481 1450 3566 refenmt‚
1469 3505 1610 3555 mecum
1637 3481 1782 3571 colatis3

393 3647 475 3718 quae
485 3621 666 3714 evanidas,
678 3621 785 3695 altius
796 3619 987 3718 impressas
1002 3618 1096 3692 detis
1108 3649 1117 3712 ;
1131 3643 1213 3716 quae
1226 3618 1405 3712 distortas,
1419 3618 1465 3693 ad
1475 3645 1660 3694 mensuras
1668 3623 1783 3718 justas

391 3763 590 3838 retrahatis.
641 3761 871 3836 Humanitati
888 3773 1018 3834 vestrae
1036 3773 1073 3834 et
1090 3761 1285 3838 eruditioni
1303 3761 1467 3835 libellum
1484 3762 1706 3836 commendo.

801 3973 1352 4012 {U{G{}!!**

468 4118 685 4212 Hucusque
713 4139 925 4216 progressus
946 4114 1069 4211 accepi
1096 4138 1118 4187 a
1143 4112 1292 4185 librario
1309 4137 1391 4186 meo
1407 4110 1619 4187 fasciculum
1638 4112 1783 4208 inscrip

392 4257 531 4330 tionum
549 4255 841 4332 Backhianarum
865 4253 929 4350 qui
949 4276 998 4326 ex
1019 4249 1160 4325 officina
1179 4247 1387 4322 Academia
1405 4247 1649 4322 Berolinensis
1667 4273 1783 4347 nuper

390 4397 489 4484 exiit,
521 4407 669 4470 curante
697 4419 728 4468 v.
759 4394 792 4468 d.
820 4391 982 4477 Franzio,
1014 4389 1077 4486 qui
1111 4389 1150 4462 in
1180 4387 1248 4462 hac
1279 4387 1537 4462 exercitatione
1564 4387 1780 4486 jamdudum
