3952 5238
171 583 393 672 russam]
708 583 1034 652 APHRODISIAS.
1499 593 1562 658 269

167 783 199 834 et
224 768 387 835 defensore
413 769 560 848 civitatis,
585 769 755 837 instaurata
778 770 931 860 legimus.
993 771 1121 839 Scilicet
1146 796 1233 838 suam
1258 774 1362 839 sedern
1383 775 1560 844 deseruerat

168 874 350 962 Aphrodite
365 888 398 940 et
411 874 555 942 bellatori
570 876 682 942 marito
697 877 848 942 tuendam
863 877 1044 946 tradiderat.

221 978 309 1059 Quid
320 979 359 1044 de
369 978 480 1044 ceteris
490 979 662 1068 splendoris
671 979 795 1067 pristini
800 980 941 1066 reliquiis
950 981 1072 1048 dicam?
1084 982 1197 1072 Capita
1205 983 1368 1072 attingam.
1379 984 1560 1074 Praegrandi

168 1083 290 1150 ambitu
302 1097 334 1149 et
342 1107 515 1150 marmoreo
524 1099 675 1174 apparatu
685 1085 873 1152 instructum
884 1088 1106 1176 amphitheatri
1114 1091 1314 1157 simulacrum
1324 1097 1561 1185 restatvestigia

168 1191 312 1277 quaedam
331 1191 400 1268 fori,
416 1191 505 1256 collis
523 1191 587 1256 levi
602 1215 730 1257 ascensu
745 1215 763 1258 e
777 1191 907 1279 planitie
923 1215 1095 1282 exsurgens
1113 1195 1165 1260 cui
1182 1219 1239 1260 arx
1254 1197 1382 1282 antiqua
1395 1197 1559 1275 insederat,

167 1322 240 1364 curn
256 1297 418 1386 parietinis
431 1296 547 1364 theatri
561 1297 596 1362 in
611 1297 723 1363 acclivi
743 1297 851 1385 positis
864 1323 871 1376 ;
894 1298 1034 1362 omnium
1050 1300 1310 1386 praestantissimae
1324 1301 1405 1368 aedes
1415 1303 1559 1383 Veneris,

167 1406 280 1494 sparsis
303 1405 504 1481 circumcirca
526 1404 738 1470 monumentis
762 1405 913 1490 sequioris
935 1405 1005 1484 aevi,
1021 1405 1154 1494 vestigia
1168 1405 1239 1472 dico
1254 1407 1417 1495 elegantiae
1433 1408 1559 1496 Byzan-

167 1514 242 1577 tinse
266 1511 548 1599 Stauropolitarum
569 1509 624 1595 qni
643 1509 747 1574 lurore
763 1508 874 1596 perciti
889 1508 971 1587 fane,
988 1508 1138 1596 sepulcra,
1155 1531 1231 1586 aras,
1246 1509 1345 1588 bases,
1360 1509 1556 1596 disjecerant,

166 1645 231 1684 non
246 1635 311 1685 tarn
326 1618 366 1684 ad
379 1643 463 1684 nova
481 1617 614 1684 aedificia
638 1617 785 1683 struenda
809 1641 903 1703 quam
927 1617 966 1682 ad
991 1615 1172 1682 memoriam
1192 1617 1306 1681 veteris
1331 1618 1559 1704 superstitionis

166 1726 362 1792 abolendam.
407 1725 486 1790 Haec
502 1723 684 1790 Graecorum
710 1723 849 1789 saevitia:
873 1722 987 1788 deinde
1010 1736 1145 1811 grassata
1170 1737 1217 1788 est
1242 1735 1422 1788 exterorum
1444 1723 1556 1802 rabies,

165 1831 322 1898 scandunt
335 1831 451 1897 moenia
464 1830 617 1910 cohortes,
633 1853 812 1896 marmoreas
826 1829 913 1894 urbis
932 1829 1034 1894 solum
1049 1830 1233 1918 cooperiunt
1247 1828 1393 1894 informia
1403 1837 1559 1908 σκηνιτὼν

165 1938 335 2028 tuguriola,
351 1937 485 2004 discedit
499 1937 583 2004 avita
596 1937 716 2026 lingua,
742 1961 801 2004 nec
823 1938 858 2002 in
873 1937 1056 2003 Graecorum
1082 1937 1153 2003 sede
1174 1935 1371 2002 suavissimos
1392 1959 1483 2000 sonos
1504 1961 1558 2023 ag-

163 2069 272 2110 noscas
287 2043 347 2108 nisi
362 2067 439 2130 quos
454 2043 547 2108 surda
560 2057 764 2110 monumenta
778 2043 829 2109 vel
843 2043 878 2107 in
893 2043 958 2108 solo
973 2043 1085 2110 obruta
1099 2043 1263 2108 simulacra
1275 2041 1377 2106 edant.

680 2303 1051 2338 }{*{{!*

230 2513 259 2574 1.
284 2512 504 2597 Αὐτοκράτωρ.
554 2508 695 2573 AEtatem
720 2507 816 2592 hujus
842 2505 928 2571 tituli
952 2505 1082 2573 delinivi
1110 2508 1143 2571 in
1164 2507 1244 2574 VV.
1263 2507 1332 2573 LL.
1356 2511 1394 2575 P.
1414 2510 1451 2579 C.
1484 2510 1555 2573 286.

161 2645 236 2685 nam
266 2620 299 2684 in
331 2620 392 2684 hoc
426 2641 508 2684 anno
537 2617 715 2706 epigraphae
744 2632 960 2682 nummorum¹²
989 2619 1153 2695 habentur,
1174 2619 1375 2702 Diocletiani,
1406 2622 1486 2690 ΤΒ.
1512 2622 1551 2688 Ρ.

163 2731 223 2796 ΙΙΙ.
247 2725 356 2796 COS·
376 2727 418 2795 ΙΙ.
443 2726 543 2795 Dis.
565 2725 623 2792 ΙΙΙ.
649 2723 687 2791 Ρ.
706 2723 759 2790 Μ.
778 2722 817 2790 Ρ.
836 2723 891 2810 Ρ.,
909 2743 941 2793 et
952 2727 1151 2806 Maximiani,
1168 2727 1455 2805 AvasTvs.
1470 2737 1550 2803 ΤΚ.

165 2843 204 2908 Ρ.
229 2839 346 2909 COS.
364 2839 470 2908 DES.
491 2838 530 2906 Ρ.
549 2838 601 2905 Μ.
620 2838 659 2903 Ρ.
681 2837 719 2904 Ρ.
769 2841 867 2907 Porro
887 2842 969 2906 intra
987 2854 1049 2906 tres
1068 2865 1189 2908 menses
1214 2845 1351 2912 ineuntis
1373 2849 1553 2934 includitur,

162 2977 237 3018 nam
264 2951 298 3014 in
321 2950 414 3016 titulo
438 2962 542 3015 nostro
567 2947 705 3014 notabile
727 2959 774 3012 est
796 2947 882 3032 quod
897 2948 1060 3032 Augustas
1078 2971 1142 3012 non
1162 2951 1250 3016 audit
1269 2952 1492 3034 Maximianon,
1517 2961 1556 3023 ad

164 3084 261 3146 quam
277 3059 462 3146 dignitatern
477 3080 541 3122 non
556 3055 707 3121 admissus
722 3055 823 3120 fuerat
841 3053 902 3118 nisi
924 3054 964 3118 ad
980 3054 1112 3119 Kalend.
1128 3057 1241 3145 April,
1258 3061 1457 3130 Diocletiano
1472 3068 1555 3154 apud

162 3165 409 3230 fficomedenses
425 3173 659 3228 commorante&

227 3272 330 3336 Abest
345 3293 386 3334 ex
401 3267 544 3356 catalogo
558 3267 721 3331 titulorum
737 3266 926 3333 Diocletiani
944 3273 1115 3354 Αρχιερεὺς
1130 3276 1279 3356 μέγιστος
1311 3274 1350 3338 de
1371 3301 1434 3362 quo
1451 3302 1551 3364 pauca

159 3377 267 3443 statim
282 3377 426 3439 monebo.
463 3373 659 3438 Accensetur
672 3371 872 3450 Ἀνθόπατος
886 3372 920 3436 in
931 3395 961 3436 v.
976 3374 1006 3435 4.
1044 3371 1094 3436 De
1108 3373 1168 3438 hac
1184 3374 1337 3462 dignitate
1351 3380 1552 3469 imperatoria

160 3481 337 3547 andiendus
360 3493 407 3545 est
432 3477 515 3542 Dio'
531 3475 587 3542 ubi
608 3491 713 3542 narrat
727 3477 812 3561 quod
828 3474 960 3540 Senatus
976 3475 1123 3562 Augusto
1149 3479 1207 3544 κᾶν
1226 3484 1268 3564 μὴ
1289 3485 1444 3574 ὑπατεόσῃ
1460 3485 1550 3556 ἔδωκε

160 3598 220 3669 τήν
234 3617 266 3655 τε
282 3587 388 3674 ἀρχὴν
402 3587 459 3662 τὴν
475 3583 657 3651 ιἰνθόπαπαν
673 3586 753 3649 ἐσαεὶ
778 3579 922 3656 καθάπαξ
946 3583 1040 3668 ἔχειν,
1060 3585 1138 3649 ὥστε
1161 3589 1235 3667 μήτε
1261 3591 1294 3654 ἐν
1316 3596 1355 3677 τῇ
1377 3591 1489 3680 εἰσόδῳ
1514 3603 1552 3683 τῇ

160 3700 234 3765 εἵσω
250 3702 307 3760 τοῦ
321 3697 484 3779 πωμηρίον
510 3689 723 3758 κατατίθεσθαι
747 3689 844 3763 αὐτόν
869 3687 969 3772 (quod
988 3688 1226 3774 proconsulibus
1240 3692 1370 3760 minoris
1389 3697 1550 3785 dignitatis

160 3805 351 3890 imperatum
380 3803 451 3880 est),
480 3795 549 3882 μ’ἡτ’
578 3796 670 3874 αὖθις
695 3795 912 3864 ἀνανεοῦσθαι·
942 3803 990 3863 καῖ
1015 3801 1048 3862 ἐν
1078 3803 1121 3881 τῷ
1143 3799 1269 3886 ὑπηκόῳ
1292 3805 1328 3868 τὸ
1350 3803 1462 3872 πλεῖον
1486 3813 1550 3874 τῶν

159 3905 348 3994 ἑκασταχόθι
367 3907 537 3992 ἀρχόντων
562 3907 684 3992 ἰσχύειν
707 3907 878 3990 ἐπέτρεψεν.
938 3903 1014 3967 Erat
1040 3927 1152 3990 nempe
1176 3905 1313 3994 dignitas
1338 3925 1496 3998 perpetua,
1518 3929 1550 3978 et

157 4013 278 4099 ubique
293 4010 425 4077 valebat.

189 4227 197 4257 ε
216 4224 308 4273 nacke
321 4227 391 4273 2744.
401 4227 471 4270 noem.
485 4235 543 4268 κεν.
563 4223 602 4268 ubi
617 4222 670 4268 vide
687 4227 743 4267 nott
756 4221 826 4266 critic.
911 4225 921 4250 '
938 4219 1031 4266 Eckhet
1046 4219 1089 4283 (ex
1100 4219 1258 4284 Tillemontio>
1271 4223 1309 4269 ubi
1321 4237 1381 4282 supr.
1394 4239 1415 4284 p.
1428 4229 1464 4272 16.
1477 4242 1497 4274 a

158 4323 201 4360 em
912 4309 926 4333 '¹
939 4305 1000 4351 Hist.
1015 4305 1080 4351 Rom.
1094 4319 1146 4352 nur.
1160 4309 1198 4352 32.

191 4403 202 4427 ¹·
220 4394 315 4442 Eckhel
328 4394 372 4441 vol.
382 4406 438 4440 vm.
450 4407 488 4453 pp.
501 4395 570 4439 216.
