3972 5240
420 540 481 604 246
829 533 1179 602 INSGRIPTIONES
1201 536 1393 603 GRAECAE.
1475 538 1808 626 [rnsca.ccxa‚ccxt1.

718 726 728 754 ι
796 750 804 765 ,
859 728 868 752 ι
936 731 946 753 ι
998 725 1057 758 ιν
1167 725 1217 755 ιι
1273 729 1290 758 ιι
1442 736 1458 752 a
1510 730 1519 760 ι
1673 737 1681 760 ι
1737 732 1747 759 ι
1947 751 1948 756 ,

424 778 528 792 ----
550 761 792 834 συγχωρησει
827 731 949 808 ουδενι
963 731 1009 826 Ιδε
1029 739 1138 836 ολλιρ
1158 725 1247 834 εξον
1267 763 1375 810 εστοι
1398 735 1517 810 θειναι
1536 755 1629 812 τινα·
1652 766 1683 810 ει
1703 735 1743 810 δε
1761 767 1809 814 τις

422 861 662 970 ἐπιχειρήσει,
693 860 853 942 εἰσοίσει
884 867 935 947 εὶς
965 859 1034 963 τήν
1057 860 1250 962 Εὐμενίσιν
1269 859 1422 964 Βουλὴν
1451 863 1665 968 προστίμου
1695 861 1809 968 χάριν,
1948 914 1949 950 ι

648 995 710 1074 καὶ
728 993 836 1074 ἔσται
855 993 955 1101 αὐτῷ
972 989 1068 1098 πρὸς
1087 991 1131 1074 τὸ
1150 993 1249 1096 μέγα
1268 993 1388 1094 ὄνομα
1406 1003 1473 1076 τοῦ
1492 999 1604 1075 θεοῦ.

496 1170 752 1266 Fragmentum
783 1163 880 1238 tituli
910 1163 1119 1261 sepulcralis
1147 1164 1309 1241 indidem
1344 1167 1576 1266 descriptum.
1645 1169 1808 1242 Restabat
1949 1196 1950 1214 ι

421 1303 561 1364 tantum
579 1287 740 1361 clausula
765 1285 803 1357 in
829 1309 901 1380 qua
917 1297 1064 1358 cautum
1082 1300 1138 1361 est
1155 1289 1223 1360 sub
1240 1313 1347 1386 poena
1361 1289 1486 1362 multae
1504 1302 1542 1361 et
1560 1288 1808 1362 exsecutionis

423 1438 468 1484 ne
485 1409 618 1506 injuria
634 1415 870 1480 monumento
887 1401 998 1476 fieret

498 1527 624 1604 Edidit
642 1522 858 1624 jamdudum
884 1523 921 1596 in
947 1523 1158 1596 minusculis
1176 1521 1429 1614 Arundellus¹;
1456 1549 1505 1598 ex
1528 1525 1593 1598 illo
1610 1525 1807 1598 Franzius”.

423 1653 466 1724 In
484 1675 513 1724 v.
532 1652 563 1722 1.
583 1646 718 1721 omittit
736 1644 878 1719 Arund.
898 1651 968 1728 ΔΕ,
985 1657 1027 1717 ut
1050 1645 1088 1718 in
1118 1645 1297 1742 principio
1323 1651 1471 1719 ΡΗΣΕΙ.
1540 1649 1583 1719 In
1608 1649 1640 1720 2.
1662 1647 1746 1740 (Ar.
1760 1645 1807 1740 5.)

421 1780 510 1879 legit
520 1777 719 1873 Ευμενιων.
748 1777 839 1853 Ibid.
851 1779 888 1851 in
903 1779 961 1852 fin.
972 1779 1057 1876 (Ar.
1067 1777 1118 1876 6.)
1131 1779 1241 1852 habet
1251 1805 1466 1876 προστιμον
1478 1771 1806 1879 (χιλλιαδηνοριο).

422 1901 523 1975 Nihil
551 1914 658 1974 recte.
711 1897 928 1974 confecerat
951 1897 1119 1970 nimirum
1139 1911 1273 1971 certam
1302 1923 1477 1974 summam
1495 1925 1544 1974 ex
1561 1925 1647 1974 vera
1663 1901 1807 1974 lectione

422 2026 573 2094 ΧΑΡΙΝ.
630 2018 767 2093 Mende
783 2019 914 2116 partim
933 2021 1079 2092 sustulit
1097 2019 1279 2093 Franzius.

1004 2297 1176 2373 CCXLI.
1205 2324 1233 2372 c.

918 2511 1334 2581 ΕΥΜΕΝΕΩΝΒΟΥΛΗ

876 2781 985 2799 .....
999 2718 1193 2820 Εὗμενέων
1212 2721 1341 2825 Βουλῇ
1356 2781 1364 2797 .
1382 2781 1390 2797 .
1410 2781 1417 2798 .
1434 2781 1442 2797 .
1460 2781 1493 2798 ..

501 2945 756 3042 Fmgmentum
785 2941 882 3015 tituli
910 2942 1119 3039 sepulcralis
1145 2944 1184 3016 in
1214 2943 1343 3016 iisdem
1375 2943 1513 3018 aedibus
1542 2969 1585 3018 ac
1615 2947 1679 3042 qui
1712 2945 1810 3044 praeit

427 3075 620 3162 repertum.
672 3061 856 3135 Particula
872 3061 1043 3136 clausulae
1066 3074 1206 3137 tantum
1230 3075 1350 3150 restat,
1368 3065 1538 3138 nimirum
1556 3062 1602 3138 de
1619 3065 1734 3140 multa
1758 3065 1808 3142 se-

429 3189 531 3264 natui
553 3187 850 3262 Eumeniensium
878 3187 1087 3285 pendenda;
1110 3187 1261 3263 fortasse
1287 3186 1338 3265 εἰς
1357 3177 1426 3282 τὴν
1444 3181 1638 3281 Εὐμενέων
1657 3179 1810 3282 Boulis,

429 3311 521 3384 utin
541 3333 749 3408 praegresso.

505 3428 680 3504 Ediderat
706 3425 873 3500 sordibus
901 3428 1087 3525 oppletum
1119 3453 1184 3502 suc
1214 3453 1314 3501 more
1342 3426 1561 3502 Pocockius¹
1585 3431 1732 3504 titulum
1758 3431 1810 3502 cui

430 3551 580 3624 fortasse
597 3549 667 3622 hcc
684 3546 925 3646 fragmentum
942 3547 1157 3644 pertinebat.
1210 3550 1269 3621 Ex
1286 3547 1350 3620 illo
1367 3571 1484 3644 nuper
1500 3549 1694 3624 Francius.
1745 3551 1811 3623 Me·

431 3671 569 3746 moravi
587 3695 694 3769 supra
711 3668 810 3766 quod
828 3669 985 3742 maxime
996 3669 1147 3768 dignum
1158 3682 1213 3743 cst
1226 3669 1400 3744 notatuin
1412 3669 1629 3745 lectionibus
1641 3669 1811 3746 Poeockii.

431 3793 506 3868 scil.
526 3815 615 3866 vers.
633 3791 696 3866 ult
708 3797 1218 3868 ΤΗΣΥΜΕΝΕΩΝΒΟΥΛΗ.

475 4060 481 4098 ¹
506 4059 692 4129 Discoveries‚
706 4067 761 4116 etc.
772 4057 856 4116 volt
871 4075 898 4133 p.
913 4057 976 4122 149.
1194 4061 1210 4092 ¹¹
1225 4053 1314 4112 Inscr.
1326 4054 1428 4130 Antiq.
1441 4071 1471 4111 ιι.
1485 4057 1513 4114 5.
1529 4057 1572 4111 ll.

473 4167 493 4198 ὓ
503 4161 563 4218 Ubi
573 4177 652 4235 supr.
667 4177 694 4236 p.
703 4161 751 4218 25.
765 4177 793 4215 n.
806 4159 893 4222 3902.
1193 4159 1208 4191 ⁰
1222 4151 1283 4210 Ubi
1293 4171 1372 4229 supr.
1387 4171 1414 4230 p.
1425 4155 1473 4210 24.
1488 4171 1516 4210 ιι.
1526 4155 1611 4218 3901.
