3952 5238
443 553 504 618 308
989 559 1281 630 ΑΠΟΤΑΗΠΙΜ.
1580 567 1702 650 [mser.
1718 589 1832 635 ωτι.

504 764 531 828 b.
555 763 724 854 Pronepor,
743 767 912 855 proneptis,
937 765 1041 832 Graeci
1064 765 1236 834 efferebant
1251 768 1446 856 ἆτίγγονος,
1466 769 1522 856 qui
1542 793 1636 859 porro
1659 775 1832 842 vocabatur

437 875 508 958 τρὶς
522 869 574 935 vel
587 870 619 958 γ’
632 879 689 940 τοῦ
704 871 819 952 δεῖνος,
835 870 900 937 scil.
915 877 1124 958 τροπᾶττον,
1139 877 1377 961 τριτοτᾶτορας,
1387 877 1521 963 privavit
1566 875 1713 946 Materna
1727 880 1830 972 desig·

438 974 524 1061 natio
540 991 607 1042 erat
620 981 792 1065 προμᾶμμο
806 978 1006 1066 θ1τροτήθη,
1018 981 1161 1068 proavia.

503 1107 526 1146 ο.
544 1081 763 1168 Sequebantur
776 1083 915 1170 abnepos,
925 1084 1071 1171 abreptis,
1083 1083 1169 1172 apud
1178 1083 1314 1164 Graeoos,
1329 1086 1519 1174 ἆτέκγονος,
1531 1087 1700 1178 ἀπόγονος
1710 1097 1828 1180 τρίτος,

437 1201 470 1252 et
483 1185 517 1250 in
531 1211 683 1275 generum
697 1185 967 1276 descriptionibus,
978 1191 1119 1277 τετράκις
1133 1197 1188 1257 τοῦ
1204 1189 1319 1268 δεῖνος,
1334 1215 1376 1257 se.
1392 1191 1600 1273 ἆτοτάττον,
1612 1195 1710 1274 abavi,
1726 1197 1827 1284 quiet

438 1297 604 1383 πρόγονος
619 1301 776 1382 τέταρτος.
819 1293 849 1358 F
849 1293 961 1360 eminae
976 1307 1065 1360 erant
1079 1295 1274 1382 ιἰτνμᾶμραι,
1291 1295 1447 1375 ἐπιτῆθοιῐ.

502 1405 532 1468 d.
554 1404 737 1491 Adnepotee,
761 1405 910 1490 odneptes,
934 1417 1023 1469 erant
1048 1401 1241 1493 διαέγγονοι,
1269 1403 1462 1494 διαὲγγνναι,
1492 1408 1652 1497 ἆτόγονοι
1677 1413 1824 1498 τέταρτοι.

438 1504 633 1575 Dicebantnr
656 1523 688 1576 et
710 1514 866 1590 πεντάκις,
892 1511 942 1577 vel
968 1511 1000 1590 ε’,
1023 1519 1079 1579 τοῦ
1094 1511 1207 1591 δεῖνος,
1222 1536 1347 1602 nempe,
1363 1511 1547 1583 διατάττων
1563 1515 1613 1582 vel
1635 1520 1824 1595 ἐπιτάττον,

437 1617 527 1692 movi,
538 1629 571 1680 et
585 1619 769 1702 ἐτιμμάμης,
784 1618 900 1682 atatrioe.

501 1745 525 1786 e.
550 1721 669 1788 Seriem
681 1723 833 1789 claudunt
846 1729 1064 1813 τριτέγγονος,
1080 1729 1278 1814 τριτεγγόνη,
1295 1727 1436 1814 trinepos,
1446 1729 1594 1815 trineptis,
1607 1729 1663 1815 qui
1677 1729 1712 1794 in
1727 1730 1824 1797 titulis

437 1825 585 1891 dicuntur
599 1827 791 1907 θεαθεῖοκις,
800 1827 904 1907 vele
915 1857 972 1895 τον
954 1828 1098 1909 δεινος,
1110 1831 1211 1894 meam
1212 1832 1423 1916 ,τριτάττον
1435 1829 1487 1896 vel
1496 1835 1682 1920 τριμαμμης
1691 1837 1823 1902 tntan'o.

436 1929 528 1996 Ultra
542 1931 627 1997 hune
640 1930 774 1998 limitem
788 1954 852 1996 non
867 1931 1020 2020 progressi
1035 1945 1109 1996 sunt
1119 1931 1264 2009 Romani,
1277 1931 1333 2018 qui
1343 1955 1451 2000 omnes
1464 1957 1558 2072 supra
1569 1936 1712 2004 ordinem
1726 1942 1824 2005 tutori

435 2040 660 2126 nuncupabant
687 2042 826 2128 orajores,
856 2053 888 2104 et
913 2039 1016 2106 Graeci
1044 2039 1139 2104 variis
1170 2039 1441 2128 appellationibus,
1471 2046 1547 2121 τονς
1572 2045 1728 2134 ἂνωτέριν,
1750 2053 1821 2126 τοὺς

435 2144 680 2232 προειληφότας,
698 2148 893 2233 προγόνους,
914 2151 1194 2234 τρνγενεατέρονς,
1213 2145 1311 2211 immo
1325 2158 1358 2212 et
1371 2151 1590 2236 προπάτορας,
1609 2163 1647 2216 ut
1669 2151 1704 2216 in
1719 2167 1820 2220 nostro

434 2250 612 2330 vernaculo,
619 2252 827 2340 sorefatbersss.
863 2253 1022 2332 Vicissim,
1033 2267 1170 2342 posteros
1183 2255 1384 2343 appellabant
1394 2279 1502 2322 omnes
1516 2256 1599 2322 infra
1613 2258 1759 2325 ordinem
1771 2261 1820 2324 tri·

433 2357 557 2443 nepotis,
569 2379 646 2443 quos
658 2356 760 2423 Graeci
775 2359 850 2436 τοῦς
865 2360 1007 2446 ὕστερον,
1016 2361 1264 2449 ἐπιγινομένους,
1279 2359 1474 2448 ιἰτογόνονς.
1490 2361 1630 2428 Videtur
1638 2377 1671 2430 et
1679 2365 1819 2452 ἑπόμενοι

433 2460 527 2526 fuisse
540 2461 575 2526 in
589 2485 648 2527 usu
663 2461 703 2528 ad
718 2462 925 2552 designandos
939 2465 1054 2554 gradus
1065 2464 1250 2532 inferiores.

496 2567 680 2635 Notandum
692 2585 739 2636 est
758 2571 876 2638 litteras
890 2573 1074 2654 numerales,
1090 2573 1136 2662 β’,
1151 2576 1193 2663 γ’,
1208 2573 1246 2652 δ’,
1262 2586 1331 2651 ete,
1345 2573 1514 2661 aliquando
1526 2575 1560 2640 in
1569 2574 1671 2641 titulis
1685 2575 1817 2643 inveniri

432 2677 612 2743 nominibus
626 2677 833 2768 postseriptas.
877 2679 949 2746 Hoe
959 2679 1066 2746 evenit
1080 2679 1206 2765 quando
1220 2677 1274 2744 ille
1288 2677 1344 2764 qui
1358 2701 1376 2744 e
1390 2679 1521 2766 posteris
1535 2693 1727 2746 memoratur
1736 2681 1817 2746 idem

432 2806 505 2848 oum
519 2781 624 2870 stirpis
638 2784 799 2851 conditore
813 2808 928 2851 nomen
944 2785 1077 2874 praefert.
1122 2785 1176 2851 Sia
1191 2785 1225 2850 in
1240 2784 1334 2851 titulo
1349 2783 1487 2850 Maeonio
1502 2784 1574 2849 infr.
1590 2805 1690 2850 onxn.
1707 2785 1817 2854 Διονύ-

432 2920 512 2969 σιος,
525 2891 717 2979 Μαρκιονός,
732 2892 778 2981 β’,
788 2892 932 2982 designat
942 2917 1017 2959 avos
1028 2893 1220 2981 Dionysium
1231 2905 1264 2958 et
1272 2891 1478 2960 Mamianum.
1503 2891 1659 2958 Brevitati
1669 2892 1816 2958 nimirum

432 2993 600 3061 studebant
609 2993 773 3061 titulorum
787 3010 937 3073 auctores,
952 2996 1116 3062 iteratione
1131 2995 1297 3062 nominum
1311 2994 1417 3063 vitata

496 3101 524 3164 7.
549 3103 735 3180 Εἶσώοταις,
749 3124 864 3188 nempe
886 3125 956 3187 quae
981 3101 1015 3166 in
1042 3125 1095 3167 ara
1117 3100 1186 3189 ipsa
1200 3107 1257 3189 (τῷ
1277 3101 1395 3189 βωμῷ)
1410 3115 1500 3168 erant
1514 3100 1645 3168 eellulae.
1691 3101 1816 3167 Plenior

431 3204 604 3293 designatio
624 3219 671 3272 est
692 3205 726 3270 in
745 3205 793 3271 tit.
809 3227 948 3272 nxxvm.
965 3209 994 3272 5.
1015 3229 1138 3294 nempe,
1158 3208 1262 3292 prima
1285 3230 1352 3293 ρνιι
1368 3209 1448 3295 jacet
1467 3208 1568 3273 rubor
1589 3208 1814 3296 οοοοορΙιορντι

430 3307 524 3374 Hane
538 3311 573 3374 in
588 3310 772 3399 Eidophoro
797 3311 931 3400 positam
953 3312 1048 3379 fuisse
1067 3331 1174 3379 censet
1194 3312 1367 3379 ΒὸοΙιΙιὶιιαί
1382 3313 1436 3400 qui
1460 3313 1590 3402 zephori
1613 3313 1711 3380 instar
1734 3313 1815 3377 inter

431 3439 514 3481 aram
529 3429 561 3484 et
575 3417 801 3505 sarcophagum
816 3417 999 3504 interjectus
1014 3431 1069 3485 est.

494 3525 523 3588 9.
547 3531 791 3612 Ποροχωρῆσαι.
835 3525 885 3590 Ita
902 3525 987 3590 haud
1007 3524 1103 3591 dubie
1129 3524 1366 3590 restituendum„
1412 3527 1530 3591 Sensus
1553 3539 1621 3604 est;
1644 3525 1711 3592 Nec
1724 3528 1815 3590 cuivis

428 3630 542 3692 licitam
556 3631 613 3694 erit
626 3632 678 3716 qui
692 3653 752 3695 raon
774 3631 861 3696 babet
876 3633 929 3719 jus
948 3633 986 3696 ob
1002 3631 1160 3696 Remoto
1173 3633 1240 3719 ipso
1254 3633 1399 3696 traditam
1414 3633 1568 3698 concedere
1581 3633 1765 3720 sepulturam
1783 3635 1812 3696 ιίι

427 3855 500 3917 Talon
511 3857 649 3918 eonspieitur
658 3857 837 3906 rnamenta.
847 3859 877 3906 ad
888 3873 910 3918 q.
919 3857 961 3906 loa
971 3857 1091 3905 Scholiast.
1175 3864 1187 3899 ι
1204 3857 1269 3906 conf.
1286 3855 1396 3904 namot.
1411 3869 1438 3904 ιι.
1461 3859 1513 3906 169.
1537 3865 1597 3905 extr.
1620 3859 1811 3908 consuetudines

426 3941 510 4003 τὴθας
529 3938 640 3992 ἐκάλουν
659 3942 706 3999 τὰς
723 3938 836 4007 μάμρας,
854 3943 897 3992 καὶ
915 3942 1027 4002 endebrie
1047 3944 1094 4002 τὰς
1144 3943 1272 3990 Romanam
1287 3941 1405 3990 declarem
1424 3941 1495 3990 cam
1515 3949 1540 3990 et
1561 3943 1658 3993 Paullus
1679 3945 1702 3991 in
1721 3944 1812 4004 Digen.

425 4025 650 4092 μαρμοθρίττονς.
1144 4041 1259 4076 xxxvrn.
1271 4028 1308 4075 tit.
1316 4031 1353 4076 10.
1362 4028 1386 4074 ll.
1397 4030 1419 4076 1.
1429 4031 1452 4076 8.
1462 4031 1499 4077 lo.

457 4115 544 4162 ‘vide
555 4115 679 4162 Herodian.
692 4128 708 4162 ι.
723 4118 744 4164 7.
1177 4111 1392 4162 ΙΙοιιιι111ιιο1ι,ι.
1404 4128 1426 4174 ρ
1437 4116 1489 4162 179.

486 4197 548 4244 Vide
565 4197 673 4246 mmm.
693 4197 775 4246 Mum.
795 4212 817 4258 ρ.
835 4199 889 4246 316.
902 4211 923 4244 a
944 4197 969 4244 ia
984 4211 1043 4246 vera
1062 4213 1094 4245 ex
1176 4197 1184 4230 ¹
1204 4199 1269 4248 emt.
1282 4204 1339 4246 nott.
1352 4199 1377 4246 ln
1388 4197 1433 4245 vol.
1446 4210 1473 4246 ιι.
1485 4200 1606 4258 uranu

426 4281 648 4343 ’l'heopompoeltat
