3956 5248
420 521 491 609 Ι368
975 537 1264 607 AUCTARIUM.
1503 541 1623 622 [rusca.
1639 559 1719 616 cnr,
1730 559 1807 604 cart.

427 730 505 818 tigia
519 743 689 795 cernuntur
708 726 817 816 oppidi
840 726 972 812 antiqui.
1019 724 1171 791 Similiter
1194 724 1227 788 in
1250 723 1405 802 Arktou,
1426 723 1496 812 plus
1518 723 1623 788 minus
1641 737 1703 788 tres
1725 723 1807 788 horas

429 836 573 914 distante,
588 835 749 899 civitatem
767 833 926 897 Arcadum
942 831 1147 920 agnoscimus.

495 942 545 1006 De
562 941 685 1007 Cosmis
700 953 791 1005 antea
806 937 926 1003 dictum
941 937 975 1001 in
989 952 1065 1002 nota
1079 937 1119 1001 ad
1133 957 1214 1002 cur.
1231 939 1258 1000 1.

498 1051 525 1111 7.
547 1049 713 1134 Ἀντιόχω.
756 1043 846 1110 Conf.
863 1058 926 1108 not.
950 1043 984 1107 in
1000 1042 1077 1109 VV.
1100 1041 1167 1106 LL.
1213 1041 1391 1130 Agesandri
1416 1041 1534 1107 Rhodii
1555 1041 1752 1107 officiisusus
1767 1055 1808 1106 cst

430 1153 608 1219 Antiochus
622 1167 658 1217 ut
669 1165 759 1218 antea
769 1150 877 1216 Euclis
886 1150 924 1215 ad
936 1148 1148 1215 conciliandos
1159 1148 1340 1237 AEgyptios,
1350 1147 1461 1214 Asiam
1476 1149 1629 1214 minorem
1644 1149 1806 1213 invasurus.

433 1259 504 1325 Hoc
526 1258 686 1325 accidebat
699 1258 733 1322 in
748 1281 829 1323 anno
845 1258 887 1322 A.
898 1258 934 1323 C.
949 1259 1019 1323 197.
1042 1280 1105 1341 quo
1120 1269 1257 1322 exeunte
1278 1279 1335 1321 rex
1350 1255 1385 1319 in
1400 1256 1527 1342 Epheso
1541 1268 1748 1321 commoratus
1768 1271 1808 1320 εει

433 1364 613 1451 animosque
627 1364 813 1430 Asianorum
828 1365 977 1430 tentabat.
1022 1363 1206 1429 Chishullus
1221 1387 1295 1428 vero
1311 1363 1350 1428 de
1370 1363 1490 1450 epocha
1503 1364 1674 1430 recentiore
1688 1365 1806 1452 cogitat,

432 1494 545 1558 nempe
559 1472 602 1536 A.
613 1470 649 1536 (l.
667 1473 738 1540 194.
786 1469 880 1535 Certe
894 1469 954 1534 hoc
969 1481 1108 1555 tempore
1124 1467 1258 1555 degebat
1280 1467 1394 1532 iterum
1421 1466 1455 1531 in
1476 1467 1603 1554 Epheso
1625 1467 1805 1546 Antiochus,

432 1576 516 1642 unde
528 1589 636 1643 contra
649 1577 770 1642 Pisidae
783 1576 904 1643 bellurn
924 1589 1130 1665 prosequutus
1150 1589 1196 1640 est
1216 1574 1270 1662 qui
1289 1573 1344 1639 soli
1365 1574 1552 1640 Asianorum
1567 1577 1734 1664 imperium
1748 1577 1807 1662 ejus

432 1681 687 1750 detrectaverant.
734 1682 836 1748 Immo
851 1697 884 1749 et
904 1683 937 1748 in
961 1707 1043 1749 anno
1066 1705 1244 1770 praegressO,
1269 1705 1366 1768 quum
1392 1682 1511 1748 bellum
1530 1697 1637 1750 contra
1660 1684 1806 1750 Romanos

432 1804 572 1856 moturus
585 1790 775 1878 legationem
790 1791 894 1856 fictam
910 1790 949 1855 ad
965 1790 1155 1855 Flaminium
1172 1790 1321 1856 miserae.

497 1897 645 1963 Ceterum
659 1921 775 1962 nomen
789 1896 884 1984 hujus
899 1897 1084 1984 Agesandri,
1096 1921 1168 1962 cum
1188 1910 1277 1984 patre
1292 1897 1437 1973 Euorate,
1453 1909 1485 1962 et
1505 1896 1605 1985 patria
1620 1895 1744 1977 Rhodo,
1758 1898 1807 1961 ob-

435 2003 522 2067 vium
539 2003 695 2068 cemimus
710 2003 744 2067 in
759 2003 885 2068 decreto
900 2003 1201 2080 Eleuthernaeorum,
1214 2028 1244 2067 v.
1259 2005 1308 2068 14.
1324 2027 1354 2068 n.
1368 2004 1460 2068 3047.
1476 2003 1623 2069 Biiclrhii.

496 2108 576 2173 [tid.
593 2133 637 2194 sq.
654 2113 835 2197 Πρειγευτῖι.
881 2107 981 2172 Erant
994 2106 1100 2172 formae
1116 2105 1389 2184 Dorico-Eolioae,
1404 2109 1552 2196 πρεῖγυςῑι
1565 2107 1596 2171 h.
1612 2132 1639 2176 e.
1656 2109 1804 2196 πρεσβεις,

431 2219 614 2300 πρειγεὺτας
628 2238 669 2280 ιε.
685 2215 892 2302 πρεσβευτής,
909 2237 978 2299 quae
993 2237 1065 2278 oum
1079 2214 1279 2302 πρείγιστοςί,
1296 2211 1484 2300 πρειγήϊονὶ,
1500 2237 1543 2279 ex
1557 2213 1714 2302 lapidibus
1728 2214 1806 2278 inno·

431 2335 563 2387 tescunt.
608 2321 679 2387 Hoc
690 2321 840 2386 nimirum
854 2345 897 2386 ex
909 2320 1079 2408 Digammo
1094 2333 1240 2386 exortum
1255 2333 1310 2396 est,
1326 2342 1366 2384 sc.
1382 2328 1530 2405 πρεσΡυς,
1545 2328 1690 2406 apsi-yur,
1706 2330 1762 2383 etc.
1777 2331 1807 2380 ut

432 2428 465 2491 in
481 2425 629 2514 exemplo
644 2426 830 2492 Buttmanni
845 2427 1044 2514 προσΡελειυ,
1058 2425 1259 2512 προυγελεῖν.

1067 2608 1186 2676 CLVI.

499 2736 526 2798 1.
552 2733 766 2802 Κυδωνιατᾶν.
811 2734 931 2800 Urbem
955 2731 1131 2820 Cydoniam
1160 2747 1335 2798 memorant
1363 2735 1483 2801 Strab0¹
1516 2751 1548 2802 et
1576 2738 1735 2804 Pliniuse:
1760 2739 1807 2804 hic

435 2839 602 2928 Cydonem
617 2839 762 2927 appellat.
807 2838 916 2903 Refert
930 2837 1015 2925 prior
1028 2839 1062 2902 in
1085 2853 1190 2904 monte
1205 2839 1273 2924 ejus
1284 2838 1397 2928 Tityro
1409 2841 1564 2909 exstitisse
1580 2845 1731 2932 templum
1741 2845 1808 2910 Dic

434 2960 605 3034 tynuaeum.
663 2945 716 3008 Ex
740 2945 817 3009 urbe
841 2942 954 3009 illustri
978 2943 1165 3032 profluxisse
1189 2944 1321 3011 arbitror
1345 2969 1460 3012 nomen
1485 2947 1594 3014 insulae
1617 2949 1806 3028 hodiernum,

438 3052 565 3128 Caudio,
582 3073 704 3116 necnon
719 3049 839 3138 oppidi,
855 3049 941 3136 quod
964 3049 1123 3137 appellant
1141 3049 1255 3129 Cauca,
1278 3051 1329 3115 vel
1343 3051 1483 3130 Kbaaio,
1507 3077 1604 3142 prope
1619 3055 1723 3122 sedem
1737 3055 1808 3122 anti·

436 3181 532 3243 quam
549 3156 654 3245 positi.

498 3261 703 3326 Notissimum
719 3276 766 3326 est
779 3286 832 3327 eos
846 3262 940 3326 fuisse
955 3261 1070 3348 peritos
1085 3261 1119 3326 in
1138 3261 1248 3349 primis
1262 3261 1307 3327 rei
1322 3261 1488 3350 sagittariae
1502 3278 1535 3330 et
1548 3289 1678 3331 arcuum
1692 3265 1808 3332 confici-

434 3367 596 3446 endorum,
615 3367 699 3453 quod
715 3390 757 3431 ex
771 3365 908 3432 nummis
922 3365 956 3430 in
971 3366 1051 3431 libro
1067 3365 1279 3432 Eclrhelianon
1295 3366 1482 3434 illustratum
1498 3371 1632 3458 reperiet
1647 3373 1750 3438 lector.

466 3573 531 3620 tDo
543 3571 960 3632 mbusgamsnu'ochiintaenou
970 3571 1103 3618 muneratis
1153 3571 1277 3636 πρειγιὶα,
1295 3573 1349 3620 ibid
1367 3588 1390 3620 v.
1410 3575 1448 3621 82.
1486 3575 1551 3622 bont
1571 3576 1659 3624 Bbckh.
1677 3579 1704 3625 de
1720 3577 1808 3624 Med

433 3659 486 3704 vide
503 3657 585 3717 Polyb.
601 3669 679 3704 xviri.
697 3657 736 3704 δι.
769 3656 869 3717 Appias,
883 3655 930 3704 Bar
947 3655 1035 3716 syriae
1050 3657 1101 3702 init.
1153 3656 1225 3704 Inscr.
1239 3657 1375 3706 Creticrol
1388 3661 1514 3719 raptui.
1527 3661 1548 3708 b.
1567 3661 1702 3710 Buttmanni
1713 3662 1807 3722 luniog.

434 3743 457 3788 S.
481 3742 616 3803 Hierouym
639 3741 669 3788 ad
691 3741 797 3801 Prophet.
821 3739 911 3788 Daniel.
938 3754 958 3787 a
980 3752 1016 3786 xl.
1051 3739 1101 3787 Liv.
1154 3751 1223 3785 xcvr.
1241 3739 1260 3798 i.
1271 3741 1292 3787 5.

435 3841 529 3876 xxxin.
538 3829 576 3874 ³8.
1188 3821 1193 3854 ¹
1214 3823 1277 3872 libr.
1288 3838 1314 3873 x.
1325 3827 1347 3872 4.
1358 3839 1381 3885 p
1391 3828 1445 3875 877.
1456 3830 1478 3874 5.

463 3911 474 3944 ι·
492 3911 692 3960 innovatorem.
702 3909 997 3958 ad'l'neocritAdoniaaua
1006 3907 1099 3974 (aaa)
1184 3916 1201 3941 ¹⁰
1212 3911 1274 3958 Libr.
1283 3925 1318 3958 rv.
1336 3913 1375 3960 20.
1387 3915 1409 3959 2.

433 3999 630 4058 tammulti.
1184 3995 1567 4056 unarmatavotnpsoaa.
1597 3999 1809 4060 ludicaturqmque

466 4083 471 4115 ¹
493 4084 558 4132 conl.
570 4084 659 4131 Biickh.
677 4083 857 4145 MarmGydon.
875 4085 977 4132 natta
991 4086 1029 4133 tr.
1041 4085 1102 4145 qnod
1151 4081 1227 4129 cultus
1238 4081 1324 4128 Bacchi
1337 4082 1478 4140 inuummla,
1497 4085 1583 4131 nult.
1596 4087 1681 4134 aibid
1713 4087 1762 4134 Eoo
1771 4100 1808 4132 ex·

429 4177 452 4216 et
467 4167 611 4234 πρὴγισφος
622 4170 646 4214 in
657 4183 738 4216 mm
751 4169 889 4230 Hierapym.
901 4183 924 4216 n.
934 4171 1005 4218 2562.
1014 4171 1053 4217 23.
1064 4183 1101 4216 ao-
1152 4163 1222 4223 plicat
1232 4165 1303 4211 verbe
1313 4165 1397 4212 decrati
1407 4179 1469 4227 seqq.
1482 4167 1529 4216 τὸν
1543 4167 1674 4221 Διόνυσον
1689 4171 1728 4220 aui
1742 4171 1808 4220 atrei

432 4253 476 4300 lita
486 4252 624 4312 diphthongi
634 4252 787 4300 conversione.
1154 4247 1289 4312 σεβόμεθα,
1299 4250 1424 4298 utinnote
1432 4253 1562 4312 exponitur.

463 4334 474 4368 ¹¹
494 4335 552 4383 ibid
575 4348 606 4381 ex
632 4335 715 4382 Manu.
738 4335 847 4383 Arundal
876 4351 899 4383 n.
921 4337 991 4385 2556.
1013 4339 1052 4385 29.
1080 4341 1104 4383 et
