3992 5240
461 571 523 634 174
865 571 915 635 IN
920 569 1220 639 SCRIPTIONES
1243 573 1435 640 GRAECAE.
1526 578 1645 666 [nescu.
1654 599 1714 644 xn.
1730 599 1807 644 ruso.
1817 599 1834 643 1.

599 763 746 866 ἡμερῶν
765 759 1040 868 ε’ξαννσθεῖσαν
1059 760 1173 846 αύτὸν
1202 763 1425 870 ἐργάζεσθαι
1446 771 1659 856 σπουδαίως
1677 769 1725 852 τὰ
1742 768 1832 850 αύτί·

602 891 805 972 ύπεισιέναι
829 889 869 971 δέ
889 893 1028 997 ἕτερον,
1050 899 1080 974 εὶ
1099 889 1151 995 μὴ
1165 896 1429 999 παραμένοντα
1447 897 1514 981 τὸν
1533 902 1712 1006 ὑμέτερον
1730 899 1837 1004 λόγον

600 1027 660 1105 καὶ
691 1020 981 1124 ὑπακουόμενον,
1011 1027 1342 1130 παραγγέλλομεν·
1365 1027 1429 1111 ε’ἀν
1448 1029 1489 1112 δὲ
1509 1031 1613 1137 παρά
1637 1031 1685 1114 τά
1713 1068 1833 1138 προγε-

599 1157 794 1263 γραμμένα
809 1159 940 1265 εὑρεθῇ
963 1205 1444 1226 ···········
1464 1200 1586 1266 μενος,
1605 1169 1666 1248 καὶ
1687 1164 1731 1273 ἐξ
1747 1167 1834 1266 ἡμῶν

600 1291 847 1395 ύπερεθέμεθα
867 1337 1489 1360 ··············
1523 1306 1713 1407 [deficiunt
1724 1333 1775 1380 vv.
1789 1303 1829 1402 3.]

459 1558 578 1630 49-52.
602 1594 850 1610 ······
881 1553 932 1635 είς
960 1547 1068 1630 ούδέν
1090 1543 1204 1652 ἧττον
1227 1555 1287 1632 καὶ
1316 1550 1410 1652 μετά
1438 1550 1507 1656 τὴν
1536 1562 1604 1635 τοῦ
1637 1555 1833 1660 προστίμου

601 1683 769 1762 ἐπίθεσιν
787 1683 988 1789 ἀσφαλοῦς
1018 1687 1079 1764 καὶ
1106 1681 1247 1765 ἀλύπου
1270 1688 1330 1765 καὶ
1349 1684 1561 1768 ἀσαλεύτου
1578 1685 1762 1788 μενούσης
1779 1690 1833 1784 τῆς

599 1810 784 1919 πρότερον
820 1814 1020 1918 γενομένης
1058 1819 1124 1916 τῆς
1163 1817 1367 1920 ὁμολογίας
1405 1815 1567 1920 διηνεκές
1610 1823 1671 1900 καὶ
1709 1823 1829 1900 ἀναπο-

596 1943 747 2046 βλήτως
777 1989 978 2006 ·····
1010 1980 1045 2026 τι
1076 1943 1166 2052 ἐξῆν
1185 1951 1263 2032 ταῖς
1290 1949 1636 2053 προγεγραμμένοις
1655 1955 1706 2036 είς
1723 1947 1830 2032 πάντα

597 2075 737 2185 χρόνον
755 2073 873 2158 πάλιν
891 2073 958 2158 τὸν
971 2074 1226 2180 γενησόμενον
1248 2127 1495 2142 ······
1525 2089 1716 2192 [deficiunt
1724 2117 1776 2164 vv,
1786 2086 1826 2186 4.]

462 2352 580 2424 57-59.
601 2384 879 2402 ········
900 2337 1024 2423 θέντες
1042 2337 1145 2443 παρὰ
1156 2343 1221 2440 τῆς
1240 2345 1313 2441 σῆς
1327 2338 1625 2443 θαυμασιόῃγτος
1646 2385 1825 2402 .....

599 2473 784 2575 ὁμολογία
802 2471 862 2552 καὶ
882 2467 1040 2577 ἐξουσία
1057 2469 1216 2574 ἡμετέρα
1237 2519 1250 2532 -
1284 2521 1297 2532 -
1330 2521 1343 2534 ·
1377 2522 1390 2535 -
1422 2476 1462 2554 ἑν
1485 2508 1516 2554 π
1545 2519 1823 2536 ·······

1010 2993 1299 3066 quArruA.

1085 3183 1221 3288 μς.

534 3385 599 3461 Ad
618 3385 840 3486 Thyatireuu
856 3383 977 3458 denuo
994 3382 1199 3457 accedimus
1227 3382 1273 3455 de
1302 3382 1435 3479 quibus
1463 3407 1578 3480 pauca
1594 3383 1753 3481 quaedum
1768 3401 1823 3452 mu

460 3507 578 3583 nenda
594 3506 719 3582 censui
735 3505 944 3603 priusquam
962 3503 1088 3604 Lydiis
1106 3503 1215 3577 finem
1231 3503 1420 3600 imponam.

856 3730 1008 3805 Fuscrc.
1027 3729 1055 3802 Ι.
1081 3730 1165 3844 Τις.
1180 3729 1271 3802 XII.
1288 3753 1317 3802 ο.
1343 3751 1376 3825 p.
1396 3729 1452 3801 59.

536 3913 564 3984 Ι.
591 3909 714 3985 Video
740 3910 779 3982 in
807 3907 932 4006 primis
961 3907 1057 3980 inter
1081 3902 1324 3982 Bbckhiunos‘
1348 3905 1494 3980 titulum
1524 3907 1584 3980 cui
1610 3873 1771 3981 uumerus
1793 3897 1822 3970 in

461 4031 647 4106 Fasciculo
664 4030 784 4128 priore
801 4037 925 4101 nostro
942 4025 1186 4100 duodenarius
1204 4027 1466 4125 superponitur.
1518 4027 1629 4102 Hunc
1655 4029 1694 4101 iu
1714 4027 1823 4101 Aucu-
1944 4131 1945 4136 Ἰ

460 4155 529 4229 rio‘
547 4152 709 4252 ejusdem
727 4154 846 4252 operis
863 4177 947 4226 cum
964 4153 1251 4252 Peysonneliuno
1268 4153 1456 4248 consimih'‚
1474 4176 1583 4249 quem
1609 4167 1646 4228 et
1664 4145 1821 4230 Buckhius
1944 4137 1945 4175 ί

501 4372 596 4433 fv01.
607 4391 638 4432 11.
651 4391 680 4452 p.
697 4375 763 4433 834.
777 4392 805 4430 n.
818 4373 904 4438 3498.
1218 4371 1305 4428 triu
1316 4371 1346 4428 b.
1360 4369 1465 4450 pm.
