3992 5240
158 603 268 649 rusca
288 601 408 662 curva,
418 589 556 672 enarra]
766 583 965 652 SMYRNA.
1498 589 1558 655 119

158 795 221 846 res
237 769 355 846 fiterit
408 772 473 846 Ad
490 773 646 849 eundem
663 773 815 848 fortasse
831 773 1062 873 pertinebant
1078 771 1153 847 duo
1170 772 1299 872 priora,
1313 787 1354 850 ut
1370 775 1409 850 in
1426 777 1557 852 minus·

160 892 254 968 culis
272 891 447 992 expressi.

733 1130 930 1208 CXLVII.
955 1128 990 1206 h.

779 1307 924 1412 unm·

777 1447 945 1558 zanoa

779 1557 926 1629 tem

777 1669 922 1742 oran

697 1785 718 1854 a
778 1779 900 1854 utari

776 1888 942 1960 acrore

775 1997 956 2069 zoom

779 2109 975 2181 troarne

775 2217 1025 2290 remmio

673 2319 720 2394 10
775 2327 965 2402 omnmo

158 2493 317 2601 Μάρκος
336 2491 526 2600 Αὐρήλιος
547 2491 676 2594 Ζήνων
700 2493 762 2572 καὶ
782 2495 937 2596 Μαρκία
957 2494 1131 2573 Κλαυδία
1149 2490 1349 2595 Ἰουλιανή,
1375 2490 1554 2600 ἀσιάρχαι

450 2621 502 2724 β’,
523 2625 673 2734 Ζωτικῷ
692 2625 972 2730 πραγματεντῇ,
991 2626 1120 2724 μνείας
1137 2623 1260 2730 χάριν.

235 2837 382 2914 Titulus
407 2839 609 2936 insculptus
631 2863 703 2912 arae
720 2861 828 2934 quam
855 2849 1051 2935 posuerant
1068 2835 1258 2912 Asiarchae
1276 2839 1377 2913 Zeno
1402 2853 1440 2914 et
1461 2841 1552 2914 Juli-

159 2983 227 3033 ana
260 2960 298 3032 in
332 2958 543 3032 memoriam
574 2958 700 3045 zotici,
729 2957 972 3057 negotiatoris,
1001 2955 1105 3054 cujus
1140 2958 1354 3032 ministerio·
1373 2985 1435 3034 eos
1468 2987 1552 3034 usos

158 3080 270 3154 fuisse
288 3077 374 3153 dum
392 3102 544 3152 munera
560 3077 710 3154 obibant
726 3077 932 3152 verosimile
950 3089 1014 3152 est.

235 3203 342 3276 Jacet
370 3224 528 3274 marmor
553 3199 650 3274 unde
678 3199 924 3299 apographum
957 3197 1069 3274 habui
1097 3200 1137 3273 in
1166 3201 1371 3275 coemeterio
1396 3201 1552 3274 Turcico

155 3345 270 3420 prope
297 3321 419 3395 vicum
447 3346 555 3420 supra
581 3333 819 3396 memoratum
836 3319 1042 3408 Brimobat
1071 3321 1119 3394 ad
1147 3333 1317 3418 quartum
1343 3321 1549 3394 milliarium

158 3442 304 3516 circiter
330 3465 352 3513 a
380 3441 542 3540 Smyrna.
596 3444 656 3516 Ex
678 3441 885 3516 nominibus
903 3441 1076 3516 Romanis
1094 3441 1251 3515 Zenonis
1267 3439 1392 3514 eadem
1410 3441 1550 3538 conjec-

157 3561 268 3635 tanda
285 3573 379 3654 sunt,
396 3585 478 3657 quae
496 3561 635 3659 sapius,
654 3559 699 3634 de
716 3559 831 3633 limite
849 3561 963 3633 aetatis
980 3559 1235 3656 inscriptionis.

234 3679 384 3754 Editum
413 3679 555 3776 reperio
584 3679 679 3753 inter
707 3676 928 3754 Bookhiana‘
958 3703 1007 3752 ex
1034 3676 1176 3751 schedis
1206 3677 1430 3765 Prokeschii‚
1457 3705 1561 3785 quae„

159 3802 297 3899 opinor,
321 3824 487 3898 magnam
513 3813 652 3898 partem
669 3799 833 3875 confecta
861 3813 946 3874 sunt
962 3826 1011 3874 ex
1028 3799 1281 3874 Borrellianis:
1302 3781 1332 3874 ‘a
1349 3801 1547 3878 Gronovio⁸

159 3947 304 4019 quoque
322 3921 360 3993 in
376 3920 508 3995 litteris
525 3921 746 3996 minusculis.

198 4169 211 4201 ⁸
228 4165 296 4224 Vol.
309 4181 340 4222 11.
353 4181 380 4238 p.
391 4159 456 4226 771.
470 4181 499 4220 n.
509 4163 596 4222 3324.
918 4164 929 4196 ¹
947 4161 1031 4219 Mem
1047 4163 1163 4221 Cosson.
1176 4183 1205 4240 p.
1218 4166 1280 4228 149.
1296 4166 1342 4223 38.
