3972 5240
445 586 509 650 202
852 577 1205 649 INSGRIPTIONES
1227 577 1418 648 GRAEOAE.
1597 578 1829 668 [rusca-cerm.

443 773 512 876 μὲν
539 769 619 877 μβ,
647 773 858 879 Κύλινδρος
881 771 921 854 δὲ
943 767 1020 877 λγ’,
1050 777 1203 881 Σφαῖρα
1228 769 1268 853 δὲ
1298 765 1376 868 κβ·
1408 771 1483 878 ἰδίᾳ
1508 765 1664 854 τοιόσδε
1696 769 1828 853 τούτων

502 907 556 1010 εἴη
576 905 693 1012 λόγος
716 912 826 1004 θεῖος,
846 908 907 987 καὶ
926 907 966 986 ε’ν
985 911 1127 1014 στερεῷ
1145 900 1223 1006 ἅμα
1242 906 1302 986 καὶ
1322 907 1362 985 ἐν
1380 905 1426 1012 τῇ
1447 902 1519 1008 ὅλη
1539 901 1570 984 δ’
1587 905 1776 1011 ε’πιφανίρ.

446 1133 559 1218 Γένοο
589 1165 624 1212 τι
650 1131 711 1211 καὶ
741 1129 840 1210 ἄλλο
863 1124 970 1234 ἥδιον
995 1127 1103 1210 οὐδὲν
1128 1132 1168 1210 ἐν
1192 1130 1264 1240 βίῳ
1287 1126 1483 1230 ἐθαύμασα
1507 1129 1555 1214 ὡς
1586 1123 1735 1228 κόσμον
1760 1121 1830 1227 ἅμα

446 1267 626 1372 ἐπιδρομῇ
646 1264 806 1346 ἄλεκτον
825 1265 1068 1367 ἀεικινησίαν,
1087 1265 1147 1346 καὶ
1168 1271 1235 1346 τοῦ
1254 1263 1364 1364 ἡλίου
1388 1258 1573 1358 ἀναβάσει
1591 1260 1719 1360 ἡδεῖαν
1737 1260 1829 1364 ἀῖδίῃ

446 1395 666 1478 ὑπεναντίαν
686 1397 846 1498 κίνησιν,
867 1399 927 1478 καὶ
946 1389 1022 1497 ἅμα
1036 1389 1082 1496 δὴ
1102 1401 1182 1502 φῶς
1199 1393 1343 1499 ἀγαθὸν
1360 1391 1523 1492 πάντων,
1542 1391 1683 1497 τᾶγιον
1701 1398 1830 1501 τροφῇ,

821 1521 943 1610 ἅπασι
962 1531 1022 1608 καὶ
1043 1525 1147 1632 ζώοις
1166 1531 1227 1608 καὶ
1245 1525 1465 1632 γενήμασιν.

879 1751 1050 1832 Μουσῶν
1069 1749 1176 1860 ἄρξει
1194 1753 1410 1856 γεωμετρία.

524 1966 669 2041 Titulus
697 1967 744 2042 ad
771 1968 956 2068 physicam
978 1983 1016 2044 et
1037 1973 1271 2068 geometriam
1294 1985 1440 2070 spectat
1492 1975 1623 2048 Insunt
1643 1975 1748 2050 flores
1765 1999 1832 2048 ora·

448 2087 555 2160 tionis
574 2088 784 2186 Byzantinae
801 2113 892 2184 quos
910 2089 1132 2188 decerpsisse
1150 2091 1215 2164 vix
1242 2094 1535 2192 operaepretium
1562 2093 1673 2168 fuerit
1700 2095 1767 2168 nisi
1790 2093 1832 2168 ad

447 2206 626 2304 captanda
644 2208 764 2282 studia
780 2207 1124 2284 mathematicorum.

522 2330 767 2404 Enuntiantur
790 2329 1012 2406 theoremata
1042 2332 1088 2406 de
1117 2333 1318 2407 rationibus
1346 2358 1435 2432 quaa
1458 2333 1684 2407 adinvicem
1707 2331 1833 2406 habent

448 2449 571 2525 Conus
589 2464 626 2524 et
644 2451 843 2550 Cylindrus
860 2453 993 2550 quibus
1012 2455 1150 2530 eaedem
1168 2455 1240 2528 sint
1256 2455 1352 2528 basis
1370 2469 1407 2530 et
1424 2451 1578 2528 altitudo
1595 2467 1678 2526 cum
1693 2451 1833 2550 Sphaera

448 2574 485 2644 in
507 2571 578 2646 hoc
601 2573 784 2670 inscripta.
836 2574 906 2648 Hae
927 2574 1122 2649 ordinatim
1148 2586 1356 2650 statuuntur
1375 2574 1525 2646 1:223.
1575 2571 1683 2644 Hanc
1704 2585 1832 2670 partem
1966 2577 1967 2588 ’

448 2691 612 2766 diatriba
641 2692 770 2792 (quam
801 2693 976 2792 appellat)
1005 2693 1192 2768 concludit
1221 2693 1315 2768 Nico
1342 2695 1380 2768 in
1405 2719 1460 2766 vv.
1477 2694 1584 2767 8-20.
1634 2693 1777 2766 Deinde
1794 2691 1833 2765 ad

451 2811 599 2884 alteram
619 2811 739 2910 pergit
765 2835 847 2908 quae
872 2825 1036 2886 versatur
1063 2813 1101 2886 in
1125 2811 1327 2886 ratiombus
1344 2837 1427 2886 curn
1445 2811 1602 2884 invicem
1628 2811 1778 2885 molium
1801 2825 1833 2884 et

453 2927 725 3027 superficierum
755 2930 841 3003 cubi
866 2929 977 3026 inque
995 2953 1039 3004 eo
1056 2929 1311 3026 inscriptorum
1334 2927 1492 3026 cylindri
1515 2943 1553 3001 et
1576 2925 1735 3025 sphaeras,
1754 2953 1834 3024 quas

446 3053 548 3146 justo
566 3048 692 3124 ordine
713 3037 841 3124 definit
867 3053 914 3124 42
930 3079 938 3124 ε
952 3053 1092 3124 33:22.
1144 3051 1227 3122 Hoc
1257 3063 1510 3148 argumentum
1538 3063 1713 3124 tractatur
1729 3052 1768 3124 in
1784 3075 1847 3126 vv..

451 3173 584 3244 21-31.
638 3169 732 3245 Satis
762 3183 827 3258 est,
855 3170 955 3267 quod
985 3171 1031 3246 ad
1054 3183 1193 3245 ceteros
1220 3170 1359 3264 attinet,
1387 3169 1534 3257 dixisse,
1551 3195 1678 3244 versus
1699 3175 1777 3244 1-4.
1794 3166 1835 3241 ad
1964 3223 1965 3252 p

449 3296 640 3396 physicum
657 3295 747 3394 quid
768 3285 1035 3390 ἀκατάληπτον
1052 3309 1213 3393 spectare
1242 3295 1342 3391 quod
1369 3296 1612 3393 argutionibus
1633 3309 1675 3369 ut
1702 3296 1835 3393 capiant

451 3417 633 3516 permitto,
657 3427 694 3490 et
711 3440 769 3489 vu.
788 3419 869 3488 5-7.
888 3414 1032 3489 exordii
1049 3415 1165 3490 vicem
1189 3412 1236 3488 ad
1262 3415 1482 3512 geometrica
1497 3427 1677 3511 prestare,
1695 3441 1776 3512 quae
1791 3416 1835 3487 ni-

451 3539 584 3610 mirum
609 3535 801 3635 profitetur
817 3537 911 3611 Nico
941 3562 979 3610 se
1005 3537 1044 3610 in
1064 3561 1170 3610 usum
1188 3535 1536 3632 delectationemque
1554 3535 1732 3612 artificum
1755 3535 1836 3635 peri·

451 3673 571 3732 torum
590 3656 818 3732 condidisse:
839 3657 934 3744 dein,
949 3657 1146 3731 clausulam
1164 3655 1285 3743 totius,
1304 3681 1352 3729 so.
1375 3658 1522 3748 3241„
1540 3657 1578 3729 in
1595 3657 1835 3730 astronomicis

452 3791 489 3851 et
516 3777 674 3877 physicis
692 3778 838 3864 versari,
856 3777 1028 3851 videlicet
1047 3776 1141 3852 Solis
1158 3774 1364 3871 Mundique
1381 3775 1542 3849 universi
1559 3791 1662 3851 motu
1684 3790 1721 3850 et
1741 3791 1835 3876 grato

452 3895 599 3968 luminis
616 3895 776 3994 impulsu
793 3895 966 3994 pabulum
985 3895 1114 3970 creatis
1132 3897 1299 3970 omnibus
1316 3897 1578 3996 suppeditante.

526 4017 757 4114 Descriptum
774 4016 887 4092 habui
904 4017 950 4092 de
968 4043 1145 4092 marmore
1163 4019 1355 4117 sepulcrali
1374 4022 1490 4116 (nunc
1517 4017 1644 4092 saltem
1672 4019 1708 4091 in
1728 4031 1836 4092 trunn-

452 4136 529 4209 lum
545 4135 750 4236 imposita)
768 4137 934 4211 candoris
957 4137 1084 4211 eximii
1103 4138 1203 4234 quod
1219 4137 1258 4211 in
1274 4139 1480 4212 coemeterio
1497 4139 1659 4214 ecclesiae
1679 4139 1837 4238 Pergam·

493 4365 507 4394 '¹
524 4358 588 4416 Hoc
605 4366 739 4416 notatum
753 4357 818 4415 volo
830 4369 950 4435 propter
963 4357 1075 4418 diverse
1095 4359 1132 4417 de
1151 4377 1185 4416 co
1204 4355 1312 4416 tradite
1332 4358 1362 4416 in
1377 4359 1524 4416 Lemmata
1538 4369 1568 4416 et
1582 4360 1659 4417 notis
1680 4381 1725 4436 ap.
1738 4359 1836 4418 nanu.

456 4476 503 4533 nn·
513 4459 580 4521 8⁵9·
595 4475 637 4531 su·
