3972 5240
151 591 549 680 1nscn.cxcv111.‚cxcrx.]
764 587 915 660 ASSOS.
1474 593 1532 658 191

153 779 310 874 denique
324 780 559 866 Fellowsius⁸,
577 781 681 876 cujus
698 778 941 878 apographum
959 781 1189 856 concinnavit
1211 781 1388 858 Yatesiue.
1427 781 1538 855 Hisce

152 925 275 974 meum
292 912 330 974 et
346 901 531 998 exemplar
547 927 570 976 a
585 904 764 978 Borrellio
774 903 1064 978 commendatum
1077 905 1244 1003 adjungo.
1278 905 1539 1005 Discrepantiae

154 1021 299 1108 suntin
317 1019 358 1094 ir.
373 1047 401 1094 a
415 1019 475 1094 fin.
494 1023 595 1096 Borr,
613 1031 749 1099 ΤΩΙΗ.
806 1027 851 1098 In
877 1049 906 1098 c.
925 1025 1096 1098 omissum
1114 1024 1222 1099 video
1238 1025 1429 1100 articulum
1456 1037 1538 1098 ante

154 1145 229 1213 ΔΕ.
286 1141 331 1212 In
348 1139 371 1212 f.
389 1143 618 1215 ΟΜΟΝΟΥ.
675 1145 720 1216 In
735 1169 768 1242 g.
787 1143 971 1221 B'dckhius
988 1144 1098 1220 habet
1114 1149 1212 1220 ΔΟ.
1228 1204 1246 1220 .
1261 1170 1310 1219 ex
1327 1157 1400 1241 quo
1417 1143 1539 1220 Demi·

154 1261 241 1333 num
257 1258 317 1332 vel
334 1259 424 1354 quid
441 1259 555 1334 simile
573 1264 751 1359 conjicere
774 1265 897 1362 possis.
948 1264 1080 1341 Cetera
1103 1290 1245 1340 mecum
1262 1265 1432 1342 convenit
1448 1291 1480 1338 v.
1492 1265 1538 1355 d.,

155 1379 218 1454 sed
235 1379 475 1455 distinctionis
487 1393 583 1456 notae
594 1409 662 1459 nec
674 1409 798 1460 omnes
815 1386 947 1461 adsunt
963 1412 1030 1462 nec
1047 1389 1171 1484 quales
1187 1387 1227 1464 in
1242 1386 1431 1485 lapidibus.

678 1623 856 1700 CXCIX.
882 1625 917 1698 h.
945 1639 1011 1700 etc.

626 1818 661 1891 h.
691 1819 1048 1893 ΘῘΠΟΘΞΤΟΥΑΠΙ

626 1918 648 1991 i.
693 1930 842 2001 ΟΛΗΙΟ

626 2026 661 2100 k·
694 2042 896 2112 ΥΛΝΘΥΙῘ

625 2139 647 2211 l.
694 2149 928 2223 ΥΚΑΙΠΛΤΡ

572 2250 593 2320 5
626 2274 672 2322 m.
692 2259 1063 2334 uuoctttcnonc

626 2385 660 2432 n.
693 2371 818 2440 ΙπΛΠ

627 2496 658 2544 o.
692 2479 895 2551 cracem

156 2665 230 2742 Επὶ
250 2662 394 2770 Σέξτου
410 2661 647 2767 Ἀπποληΐου
665 2674 732 2747 τοῦ
751 2665 964 2748 ἀνθυπάτου
990 2669 1051 2750 καὶ
1078 2669 1272 2776 πάτρωνος
1290 2677 1356 2773 τῆς·
1380 2669 1537 2768 πόλεως,

155 2797 175 2873 ὁ
202 2799 315 2894 δεῖνα,
341 2793 417 2882 υἱὸς
448 2801 513 2898 τῆς
542 2793 700 2896 πόλεως,
727 2795 843 2904 φύσει
874 2801 1037 2900 Παπίου,
1069 2805 1452 2886 ἀποκατασταθείσων
1476 2803 1535 2886 ὑπ’

375 2929 489 3008 αὐτοῦ
508 2929 554 3033 τῇ
573 2923 684 3008 πόλει
703 2930 744 3008 ἐκ
763 2929 836 3009 τῶν
855 2929 968 3008 αὐτοῦ
986 2928 1186 3034 χρημάτων
1215 2981 1229 2994 -
1262 2980 1276 2994 -
1309 2981 1322 2994 -

228 3125 374 3198 Titulus
390 3124 469 3222 pari
485 3124 623 3197 ratione
644 3147 727 3197 cum
744 3135 928 3221 praeeunte
945 3123 1120 3199 conflatus
1138 3151 1185 3200 ex
1202 3125 1438 3226 fragminibus
1456 3151 1537 3224 quae

151 3245 190 3316 in
210 3243 335 3318 endem
359 3244 505 3342 regione
523 3242 568 3317 de
587 3242 767 3341 lapidibus
793 3241 945 3316 diversis
968 3243 1143 3342 descripsi
1159 3247 1247 3320 etin
1265 3272 1377 3321 unum
1395 3272 1536 3344 corpus,

150 3377 328 3460 quatenus
353 3364 494 3450 licebat,
520 3362 685 3462 redigam
712 3376 861 3438 conatus
890 3387 978 3436 sum.
1029 3365 1216 3440 Nominari
1233 3366 1378 3440 videtur
1401 3367 1535 3442 Sextus

151 3485 369 3581 Appuleiust
387 3483 681 3582 proconsulatum
704 3507 843 3583 gerens,
866 3485 905 3558 in
922 3485 1026 3582 cujus
1046 3487 1257 3586 magistratu
1273 3487 1447 3561 honorem
1464 3491 1537 3562 cui·

151 3603 234 3680 dum
251 3604 361 3680 fuisse
379 3604 538 3681 delatum
555 3616 703 3702 propter
719 3607 846 3680 urbem
869 3606 907 3678 in
934 3605 1089 3702 quadam
1116 3619 1216 3704 parte
1239 3610 1318 3705 ejus
1335 3610 1535 3684 restitutam

152 3749 201 3796 ex
217 3723 361 3798 indiciis
378 3723 425 3797 ud
440 3723 549 3798 finem
567 3724 772 3821 conjeceris.

226 3843 375 3918 Editum
402 3845 544 3942 reperio
574 3870 595 3918 a
620 3844 808 3921 Ilichterou
833 3843 1069 3942 aliquatenus,
1100 3847 1241 3945 plenius
1269 3849 1532 3924 aFellowsio':

190 4075 202 4108 ¹
218 4073 318 4151 Dinry,
332 4083 385 4132 etc
400 4093 448 4152 pp.
459 4078 506 4140 49.
517 4083 547 4134 ct
560 4073 628 4138 317.
641 4075 673 4132 in
684 4076 816 4153 Append
866 4075 922 4134 vol.
934 4095 975 4135 vr.
989 4097 1017 4155 p.
1028 4076 1075 4144 79.
1088 4079 1116 4136 b.

152 4170 189 4226 A.
204 4189 232 4228 n.
243 4188 285 4229 rx.
907 4182 921 4212 ⁰
937 4176 1006 4234 Itin-
1020 4177 1074 4234 ubi
1086 4195 1181 4254 supra

190 4269 331 4329 *Nomen
361 4281 480 4349 apparet
508 4273 539 4330 in
562 4273 640 4331 Fast.
667 4273 815 4331 consular.
906 4275 1036 4353 'Dinry¹
1051 4276 1104 4333 ubi
1118 4295 1212 4352 cupre

150 4365 185 4424 U.
200 4367 233 4426 C.
258 4366 323 4431 725.
350 4379 409 4428 ant
431 4369 499 4428 Chr.
517 4373 564 4438 29.
605 4371 681 4430 Vide
694 4371 814 4431 Eckhel
