3956 5248
986 555 1279 624 AUCTARIUM.
1535 558 1658 647 [isson.
1675 579 1829 626 mxxxvi.

1022 820 1249 892 CLXXXVI.

506 977 611 1040 Pauca
637 973 857 1062 praemonendo
880 972 961 1038 duxi
984 971 1024 1038 de
1046 973 1124 1038 urbe
1146 969 1266 1060 inelyte
1289 971 1330 1037 ed
1351 975 1441 1060 eujus
1467 988 1672 1040 monuments
1692 973 1829 1062 opusculi

439 1083 535 1168 hujus
551 1103 714 1169 progressu
729 1093 916 1168 perventum
931 1092 990 1144 est.
1012 1077 1166 1166 Appellat
1180 1077 1382 1144 Ptolemnrus‘¹
1392 1079 1617 1168 Ἀλεξάνδρεια
1628 1084 1753 1168 Τρωνίς,
1765 1103 1829 1166 quae

439 1185 611 1273 inscriptis
631 1199 664 1252 et
677 1185 814 1250 nummis
829 1199 866 1251 ut
886 1185 1047 1272 plurinum
1063 1183 1225 1274 dispertita
1244 1199 1417 1274 ponuntur.
1463 1188 1528 1254 Sed
1551 1188 1675 1277 singula
1699 1187 1829 1277 attinge·

439 1315 518 1356 mus.
563 1291 603 1356 In
618 1291 727 1380 primis
741 1315 857 1358 nornen
869 1291 1035 1378 antiquum
1050 1317 1069 1358 e
1082 1293 1248 1360 Strabone¹
1273 1293 1457 1382 perhibetur
1471 1295 1569 1382 Stqt'a,
1585 1295 1636 1362 vel
1655 1296 1761 1384 potius
1775 1295 1826 1362 soli

444 1397 478 1461 in
502 1421 565 1483 quo
588 1411 752 1462 exstructa·
770 1397 890 1463 fuerat:
916 1397 953 1465 ‘O
981 1397 1012 1468 δὲ
1033 1403 1144 1478 τόπος,
1169 1403 1203 1467 ἐν
1229 1399 1254 1488 qi
1281 1409 1339 1468 νῦν
1362 1413 1455 1469 κεῖται
1478 1401 1712 1488 Ἀλεξάνδρεια,
1741 1409 1827 1489 Σιγία

441 1505 588 1570 ἐκαλεῖτο.
634 1502 748 1568 Ortum
760 1529 852 1592 porro
864 1505 958 1572 refert
972 1507 1011 1572 ab
1026 1507 1203 1596 Antigono,
1217 1531 1323 1574 eurem
1339 1523 1545 1597 suseeptsme
1560 1509 1762 1598 Lysimacho,
1776 1509 1825 1595 qui

440 1625 472 1673 et
481 1609 645 1676 Iliensium
656 1610 816 1677 civitatem
828 1611 968 1679 aedifioiis
978 1614 1124 1702 praeolare
1135 1633 1358 1682 exomsveret:
1367 1617 1442 1685 Ὀτε
1455 1625 1504 1686 καὶ
1515 1617 1759 1706 Ἀλεξανδρείας
1774 1615 1824 1694 ἤδη

442 1715 626 1801 ἐπεμελήθη,
644 1725 875 1806 συνῳκισμένης
888 1728 945 1806 μὲν
961 1721 1020 1801 ἤδη
1035 1724 1086 1792 ὑπ’
1101 1724 1301 1812 Ἀντιγόνου,
1317 1733 1366 1794 καὶ
1381 1725 1825 1814 προσηγορενμίνηςἈντιγο·

442 1831 520 1902 vinc»
531 1823 776 1912 μεταβαλούσης
789 1825 820 1894 δὲ
832 1826 979 1914 τοῦνομα.
1019 1828 1136 1906 Ἔδοξε
1146 1833 1210 1918 γὰρ
1226 1831 1356 1919 εὐσεβὲς
1367 1833 1443 1901 εἶναι
1456 1835 1532 1910 τοὺς
1542 1829 1758 1917 Ἀλέξανδρον
1769 1829 1825 1899 δια·

440 1929 627 2014 δεξαμένους
642 1935 758 1998 ἐκείνου
773 1933 930 2019 πρότερον
945 1933 1059 2010 κτίζειν
1079 1937 1265 2018 ἐπωνύμους
1284 1934 1405 2016 πόλεις,
1431 1933 1487 2002 εἶθ’
1509 1937 1637 2003 ἑαυτῶν·
1661 1940 1709 2002 καὶ
1730 1931 1767 2012 δὴ
1781 1941 1824 2001 καί

439 2041 604 2118 συνίμεινε,
628 2044 676 2104 καί
694 2035 826 2114 αὔξησιν
842 2037 924 2124 ἐ’σχε·
942 2045 1000 2106 νῦν
1021 2037 1053 2106 δὲ
1069 2045 1118 2106 καί
1129 2037 1293 2120 Ῥωμαίων
1309 2040 1455 2108 ἀποικίαν
1465 2038 1609 2118 δέδεκται,
1625 2046 1674 2108 καὶ
1690 2041 1752 2107 ἔστι
1768 2047 1825 2107 τῶν

439 2143 621 2229 ἐλλογίμων
631 2143 779 2210 πόλεων.
796 2141 857 2207 His
865 2155 1081 2222 consentanea,
1091 2144 1229 2209 breviter
1237 2157 1274 2209 ut
1282 2144 1371 2224 solet,
1383 2143 1532 2222 Plinius⁸3
1551 2145 1823 2232 Troassnttqonia

437 2247 1096 2327 dimaonereteeandriapotontaltomam,
1106 2247 1193 2312 nulle
1202 2247 1361 2314 mentione
1370 2248 1675 2337 feoteeppelletionis
1684 2249 1821 2337 pristine.

440 2356 545 2421 Nimis
556 2356 628 2421 ideo
637 2355 792 2421 incuriose
804 2355 843 2420 de
858 2354 994 2421 civitatis
1009 2354 1129 2443 origine
1145 2354 1334 2442 seripserunt
1344 2353 1483 2442 plurimi,
1495 2353 1577 2419 inter
1588 2377 1666 2440 quos
1677 2352 1823 2441 precipue

440 2463 595 2528 notandus
610 2461 698 2526 venit
712 2459 876 2528 Valeriusu
890 2461 923 2526 in
938 2461 1008 2526 loco
1023 2461 1078 2526 ubi
1094 2459 1189 2526 trsdit
1200 2458 1429 2526 Alexandriam
1445 2459 1479 2523 in
1495 2458 1619 2524 Troade
1635 2459 1675 2523 ab
1688 2457 1822 2523 Alexan·

380 2617 381 2622 1
438 2568 495 2632 dro
512 2567 631 2656 Magno
647 2567 817 2634 conditam.

503 2673 675 2739 Verissime
695 2671 773 2737 dicit
795 2673 921 2738 Strobo'
946 2684 1107 2738 constante
1124 2696 1212 2738 usam
1241 2671 1390 2738 felicitate
1413 2671 1652 2748 Alexandriam,
1678 2684 1710 2736 et
1733 2669 1822 2735 incre

436 2790 543 2843 menta
567 2776 732 2864 accepisse.
778 2775 979 2840 Treduxerat
1008 2774 1042 2838 in
1070 2774 1179 2863 primis
1204 2775 1375 2842 Cebrenios
1397 2775 1580 2866 Antigonus
1614 2773 1820 2864 Scepsiosqne‚

438 2897 529 2949 antee
546 2882 628 2947 inter
642 2905 674 2946 se
689 2880 769 2946 odiis
784 2880 977 2958 dissidentes,
990 2893 1027 2946 ut
1038 2904 1128 2945 novoe
1143 2881 1229 2947 urbis
1243 2880 1354 2947 ineolae
1366 2881 1492 2948 fierent:
1518 2905 1578 2948 nee
1592 2895 1717 2948 tentum
1731 2879 1821 2946 demi·

437 3001 525 3054 nutoe
540 3000 612 3052 sunt
631 2987 722 3062 vires,
735 2985 936 3074 permissione
952 3011 970 3050 a
982 2985 1171 3074 Lysimacho
1185 2986 1321 3074 Scepsiis
1337 2987 1536 3076 postmodum
1552 2987 1625 3054 dote
1640 3005 1676 3053 ut
1690 2987 1728 3054 ed
1742 2986 1822 3052 sedes

439 3095 582 3180 antiquas
597 3092 743 3169 redirent,
760 3105 912 3178 quantum
928 3115 984 3180 per
999 3092 1205 3158 accessionem
1221 3091 1389 3170 Oebreues,
1411 3094 1548 3182 regionis
1568 3093 1608 3159 sd
1623 3093 1716 3159 Idem
1731 3115 1821 3177 usque

437 3215 595 3287 porreotae,
621 3197 767 3262 fuerunt*
789 3209 898 3263 suotae.
955 3195 1068 3262 Tredit
1085 3196 1199 3262 deinde
1221 3197 1415 3278 Pausaniae,
1439 3211 1563 3287 tempus
1578 3222 1654 3264 vero
1677 3199 1821 3264 ineertum

438 3305 591 3390 linquens,
603 3303 764 3370 accessisse
786 3304 918 3371 subinde
937 3303 1089 3371 ditionem
1105 3304 1314 3384 maritimam
1338 3305 1473 3376 Τενέδιοι
1493 3305 1524 3375 δὲ
1546 3307 1607 3375 <ivd
1631 3311 1752 3396 χρόνον
1767 3307 1821 3372 ὑπὸ

440 3411 605 3488 ἆσθενείσς
616 3414 871 3499 προσεχώρησαν
887 3423 956 3489 τοῖς
967 3411 1210 3500 Ἀλεξάνδρειαν
1222 3417 1255 3481 ἐν
1267 3420 1306 3501 τῇ
1317 3419 1434 3502 ἠπείρῳ
1454 3421 1493 3502 τῇ
1507 3413 1631 3500 Τρωάδι
1645 3417 1782 3503 ἔχουσιν.

503 3517 571 3582 Neo
585 3514 814 3581 contemnenda
828 3529 894 3581 erat
907 3513 1044 3582 civitatis
1059 3515 1106 3580 vis
1121 3514 1244 3594 bellico,
1260 3517 1350 3602 cujus
1365 3515 1670 3604 vestiginhsbemus‚
1686 3539 1780 3582 unum
1794 3531 1821 3580 et

440 3626 582 3702 alterum,
598 3645 641 3688 ex
656 3620 848 3708 Polybienis.
894 3619 1002 3686 Verba
1028 3635 1101 3685 sunt
1125 3619 1266 3686 historici
1289 3645 1337 3687 res
1356 3621 1475 3686 Prusiae
1490 3621 1626 3710 Bithyni
1644 3621 1820 3695 narrantem

438 3734 584 3819 Ἐγίνετο
598 3733 653 3815 μίν
669 3757 716 3805 τις
734 3729 791 3794 οὐκ
803 3727 940 3813 ἀγεννὴς
951 3733 1021 3814 περὶ
1040 3735 1134 3794 ταῦτα
1148 3726 1265 3813 πρᾶξις
1279 3736 1328 3796 καὶ
1350 3729 1410 3795 ὑπὸ
1422 3734 1486 3796 τῶν
1508 3732 1564 3806 τὴν
1577 3727 1709 3814 'spotia
1732 3757 1822 3796 κατοι-

473 3933 484 3968 ‘t
503 3927 552 3974 Lib.
562 3939 586 3973 v.
599 3941 618 3972 o
631 3929 653 3974 2.
1162 3925 1244 3984 Currit,
1257 3925 1303 3972 vol.
1317 3937 1356 3974 ιιι.
1369 3940 1391 3986 ρ.
1404 3927 1459 3973 105.

474 4018 483 4044 ¹
504 4013 564 4060 Libr.
578 4025 636 4060 xttr.
651 4013 671 4059 1.
683 4025 705 4071 p.
718 4015 771 4060 117.
780 4011 807 4058 Τ.
1193 4015 1203 4040 '
1220 4009 1295 4058 Strsln
1311 4011 1349 4058 ub.
1357 4025 1418 4071 supr.
1428 4025 1450 4070 p.
1463 4013 1515 4059 100.
1528 4011 1554 4058 Τ.

476 4101 484 4124 ·
504 4097 564 4144 Ibin
577 4111 600 4157 p.
614 4099 668 4145 100.
680 4097 707 4144 T.
1193 4101 1209 4125 '¹
1221 4095 1288 4155 ldp
1304 4097 1356 4144 100.

474 4181 482 4211 ¹
505 4181 566 4227 Libr.
581 4193 605 4227 τ.
623 4181 663 4227 80.
680 4182 700 4226 1.
719 4179 784 4228 conf.
798 4190 873 4226 xxxv.
890 4179 928 4226 et.
946 4178 969 4224 in
984 4177 1072 4224 dissert,
1084 4178 1112 4224 do
1195 4183 1206 4208 ¹
1225 4177 1286 4225 In'br.
1299 4189 1322 4226 x.
1336 4181 1373 4226 14.
1386 4179 1408 4225 2.

440 4267 561 4326 generibus
572 4265 694 4326 magnetis
1193 4269 1203 4306 5
1222 4265 1282 4312 tior.
1296 4277 1321 4313 v.
1336 4267 1389 4312 111.
1401 4267 1424 4313 0.
1432 4279 1450 4312 α

469 4357 481 4383 ·
499 4350 544 4397 Res
555 4350 618 4398 Gest
631 4351 758 4398 Alexandr.
770 4349 803 4397 tt.
817 4363 856 4398 ιιι.
869 4351 907 4397 98.
921 4349 945 4396 in
957 4349 1018 4397 Edit
1032 4349 1107 4396 Paris
