3952 5238
963 581 1255 650 AUOTARIUM.
1440 587 1810 668 [rusca.xav11.,xnrrrr.

1045 869 1191 935 XLVII.

487 994 525 1061 'H
544 995 651 1074 Βουλὴ
667 1025 692 1061 κ.
705 1023 731 1060 τ.
744 995 775 1061 λ.
824 993 1057 1058 Enumerantur
1071 993 1254 1082 singillatim
1269 993 1393 1059 ordines
1404 994 1551 1072 civitatis,
1565 996 1698 1062 Senatus
1713 997 1813 1060 muni-

422 1101 539 1187 cipalis,
546 1099 698 1188 Populus,
706 1099 883 1188 Collegium
890 1099 1094 1180 Seniorum,J
1095 1127 1212 1168 uvenes
1224 1128 1231 1167 :
1244 1127 1281 1168 eo
1291 1103 1362 1191 plus
1371 1103 1614 1169 existimationis
1623 1104 1812 1172 credendum

422 1221 468 1270 est
479 1206 589 1271 Attalo
601 1205 788 1293 provenisse.
833 1203 974 1270 Plurima
995 1217 1112 1270 restant
1126 1205 1274 1293 exempla
1288 1207 1483 1271 decretorum
1506 1207 1659 1273 factorum
1675 1233 1692 1272 a
1707 1207 1812 1284 tribus,

423 1312 565 1390 Germia,
593 1311 725 1400 Populo,
751 1313 879 1386 Senatu,
904 1325 940 1375 ut
962 1325 1105 1376 notatum
1125 1326 1172 1378 est
1192 1313 1227 1376 in
1247 1313 1397 1398 opusculo
1418 1325 1527 1378 nostro
1553 1313 1677 1401 priore‘,
1702 1313 1813 1399 quibus

423 1419 517 1484 addas
540 1418 735 1483 Trallianum
759 1417 840 1482 inter
860 1417 1083 1483 Followsiana‘.
1128 1418 1321 1504 Aliquando,
1343 1435 1379 1483 ut
1400 1418 1434 1482 in
1450 1419 1580 1485 Tloensi
1595 1419 1737 1504 ejusdem
1754 1419 1811 1482 viri

423 1523 558 1603 eximiir,
578 1525 727 1600 Juvenes,
746 1521 887 1598 Gerusia,
908 1521 965 1585 soli
986 1521 1158 1586 memorati.
1212 1522 1250 1585 In
1277 1520 1369 1585 titulo
1393 1521 1621 1588 Cherraeidensi
1649 1522 1812 1588 Pocoelziil¹

423 1653 511 1694 senos
534 1630 686 1694 habemus
711 1641 905 1704 memoratos,
933 1627 965 1693 S.
981 1627 1017 1692 P.
1030 1627 1069 1693 G.
1079 1627 1110 1694 J.
1126 1651 1198 1692 oum
1210 1625 1400 1714 Virginibus
1424 1627 1541 1692 ordinis
1564 1627 1763 1694 sacerdotalis
1782 1643 1812 1692 et

423 1737 572 1824 Ephebis.
619 1738 671 1802 De
686 1738 745 1802 hae
771 1735 901 1802 materia
919 1735 1120 1800 disserentem
1147 1734 1220 1799 audi
1240 1734 1455 1800 Eclrhelium¹z
1484 1735 1630 1799 Omnium
1656 1737 1812 1800 certissime

422 1846 521 1908 rurioa
542 1844 594 1908 lios
613 1845 732 1907 ordines
754 1842 909 1925 distinguit
925 1840 989 1904 Dio
1002 1839 1256 1926 Chrysostornud:
1280 1841 1344 1928 οὐχ
1364 1843 1408 1917 ὡς
1431 1843 1554 1926 πρώην,
1580 1843 1687 1926 inqu-it,
1713 1843 1811 1928 χωρῑς

421 1957 460 2028 ἦν
483 1955 500 2017 ὁ
527 1949 624 2034 δῆμος
647 1955 696 2016 καὶ
720 1954 821 2036 χωρὶς
845 1951 864 2024 ἡ
888 1945 998 2034 βουλὴ
1023 1953 1071 2013 sal
1097 1955 1155 2013 νῦν
1181 1947 1223 2012 ἔτι
1251 1944 1317 2013 καθ’
1341 1948 1454 2023 αὐτοὺς
1475 1949 1504 2013 oi
1527 1952 1687 2034 γέροντες,
1703 1945 1753 2014 διὰ
1776 1949 1810 2012 τὸ

422 2061 584 2144 σύμφερον
600 2059 737 2122 ἑκάστων
752 2053 901 2132 δηλονότι
913 2056 1120 2120 exoraturos
1136 2105 1142 2118 .
1160 2099 1168 2116 .
1186 2103 1192 2116 .
1209 2053 1337 2139 cipando
1346 2053 1433 2138 insra
1442 2079 1452 2129 ;
1466 2057 1518 2120 ‘iva
1533 2059 1598 2140 γὰρ
1612 2061 1670 2130 τὴν
1684 2053 1811 2140 βουλὴν

421 2167 491 2252 ἀφῶ
508 2171 555 2232 καὶ
571 2168 627 2231 τὸν
643 2163 742 2246 δῆμόν
763 2191 794 2228 τε
818 2168 866 2229 καὶ
885 2163 960 2238 τοὺς
977 2165 1068 2236 νέους
1092 2167 1139 2226 καὶ
1166 2163 1240 2236 τοὺς
1260 2164 1422 2246 γέροντας.
1468 2161 1574 2223 Antea
1589 2159 1752 2246 scripserat
1766 2159 1811 2222 vir

420 2269 550 2333 doctus:
574 2267 648 2331 Non
674 2288 747 2330 roro
777 2267 897 2330 ordines
917 2265 1025 2350 plures
1045 2263 1222 2330 Groecorum
1243 2263 1456 2350 psephinnotia
1478 2266 1686 2352 prnfiyuntur
1709 2313 1808 2331 .....

422 2377 474 2460 qui
495 2375 615 2461 quidem
640 2375 720 2436 corii
742 2375 861 2436 ordines
886 2373 997 2435 collecti
1015 2395 1075 2434 uno
1094 2373 1233 2435 vocabulo
1253 2371 1482 2458 κοινοβούλιον
1496 2375 1530 2436 in
1552 2375 1652 2438 numia
1673 2375 1763 2440 Tarsi
1785 2386 1809 2440 et

422 2481 584 2544 rinocordi
599 2479 712 2544 Ciliciae
732 2479 854 2542 urbium
877 2481 1009 2566 crpressi
1033 2479 1108 2542 milri
1122 2481 1270 2555 ridentur,
1288 2481 1537 2566 qraerrradmodnm
1551 2483 1666 2546 eoadem
1681 2483 1807 2553 ordines,

422 2599 475 2649 out
489 2597 563 2651 certe
573 2597 666 2649 totum
680 2584 851 2649 archontum
876 2586 1030 2670 collegium
1045 2585 1185 2648 roccheto
1203 2591 1362 2672 συναμχία
1376 2587 1409 2648 in
1424 2588 1523 2650 numia
1534 2586 1704 2654 Antiocdioe
1715 2587 1811 2654 Cario

428 2696 594 2756 indicatum
608 2693 685 2755 alins
699 2691 851 2754 dinimna'.

488 2799 538 2864 De
553 2823 629 2864 voco
646 2799 884 2888 κοινοβούλιον,
901 2810 937 2862 ut
960 2798 1061 2864 obiter
1086 2822 1241 2878 moneam,
1265 2799 1353 2863 litem
1375 2813 1516 2864 moverat
1533 2823 1604 2864 oum
1623 2799 1809 2887 Spanhemio

424 2905 573 2992 Belloyus
588 2905 622 2968 in
636 2905 705 2969 loeo
720 2927 782 2989 quo
798 2903 920 2968 disserit
939 2903 979 2968 de
1001 2926 1131 2968 nummo
1147 2902 1292 2968 Tarsensi
1308 2902 1364 2988 qui
1384 2903 1577 2992 epigraphen
1594 2905 1707 2993 prodit,
1721 2906 1808 2971 citato

424 3013 647 3101 Chrysostomo
662 3025 812 3099 utsupra
858 3010 945 3076 Huic
957 3011 1163 3098 adstipulatur
1179 3011 1384 3077 Eclrheliusm.
1430 3011 1565 3100 Reperio
1579 3027 1613 3077 et
1622 3027 1714 3078 extra
1727 3037 1809 3077 num·

424 3141 490 3183 mos
505 3142 614 3184 vocem
630 3119 859 3207 κοινοβούλιον
870 3119 904 3183 in
919 3119 989 3183 loco
1004 3119 1141 3205 quodam
1157 3119 1309 3207 Polybiir.

488 3230 517 3292 9.
542 3226 752 3294 Φιλοδοσίων.
796 3227 870 3290 Νοιι
885 3226 1034 3292 convenit
1047 3227 1118 3291 loco
1133 3227 1337 3315 φιλοδοξίων,
1354 3241 1491 3292 attamen
1507 3251 1571 3292 vox
1587 3243 1634 3292 est
1648 3243 1729 3293 notae
1744 3226 1810 3292 satis

424 3334 523 3397 bonae.
568 3333 674 3400 Video
689 3345 721 3398 et
734 3333 768 3398 in
785 3333 923 3400 Stobaeo⁰
938 3348 970 3398 et
984 3334 1018 3398 in
1033 3333 1175 3400 versione
1191 3333 1313 3400 Lxxr.

1040 3505 1204 3570 XLVIII.

491 3638 522 3698 i.
545 3638 625 3702 Υἶόν
637 3633 683 3698 Μ.
728 3634 944 3721 Apponuntur
968 3631 1036 3698 hmo
1061 3631 1102 3696 ad
1123 3629 1295 3719 pleniorem
1325 3631 1567 3708 distinctionem,
1597 3655 1671 3697 nam
1701 3631 1811 3698 inclusa

427 3825 479 3870 ride
494 3823 519 3869 in
531 3823 560 3870 D.
572 3823 602 3869 N.
612 3823 641 3868 V.
654 3821 699 3868 voi
709 3833 766 3868 ιιιιι.
779 3835 817 3880 pp.
829 3821 947 3868 rao-182.
1179 3815 1185 3848 ¹
1206 3818 1252 3864 Ubi
1264 3832 1325 3878 supr.
1338 3833 1360 3864 v.
1372 3831 1407 3864 ιι.
1420 3831 1442 3876 p
1454 3818 1507 3864 191.
1515 3830 1536 3862 ι

458 3917 469 3941 ⁸
486 3909 570 3956 Fascio.
581 3909 648 3955 inser.
661 3907 746 3967 apocal.
756 3921 778 3966 p.
789 3907 842 3954 169.
854 3909 901 3952 not
910 3905 933 3951 b.
956 3903 1097 3962 Exemplum
1178 3901 1190 3936 Ι
1207 3905 1271 3952 Orat
1284 3917 1378 3951 xxxrr.
1390 3917 1428 3963 pp.
1441 3905 1496 3950 irs.
1508 3917 1526 3950 a

426 3996 512 4054 prabet
531 3993 576 4040 Dio
601 3990 666 4055 (aur.
687 3987 737 4052 12.)
762 3989 860 4037 Senatus
890 3987 962 4046 ipsius
988 3984 1098 4044 appellnt
1180 3983 1186 4016 ¹
1206 3986 1252 4033 Ubi
1268 4001 1317 4046 sup
1337 3985 1382 4032 voi
1391 3998 1419 4032 ιι.
1431 3999 1454 4044 p.
1463 3987 1517 4034 tit.
1534 4000 1554 4032 ι
1567 3985 1643 4034 oollae
1657 3987 1774 4048 Spaniam
1785 3985 1811 4030 de

429 4075 559 4142 Γιρονσίν.
579 4076 645 4124 Cont.
665 4087 704 4121 ιιι.
723 4075 745 4121 8.
762 4119 771 4133 ,
787 4073 904 4118 Nimirum
922 4083 1013 4118 mnsam
1034 4069 1098 4116 vocis
1148 4069 1262 4116 Numisnr.
1274 4067 1318 4114 voi
1328 4081 1356 4114 ιι.
1369 4082 1391 4127 p.
1402 4069 1456 4115 695.

425 4162 530 4208 latiorem
541 4159 634 4206 admisit
645 4157 726 4218 politia
738 4156 901 4203 Romanorum.
947 4175 950 4183 ι
1181 4159 1199 4184 “
1210 4152 1263 4201 Vol
1278 4165 1367 4213 impp.
1379 4155 1417 4199 42.
1431 4153 1453 4200 b.
1472 4154 1510 4200 ts.
1522 4167 1543 4199 ι.

459 4243 468 4278 s
485 4245 562 4306 Lycia,
574 4259 597 4304 p
607 4246 644 4290 17.
655 4256 679 4288 ιι.
688 4244 710 4289 2.
722 4240 782 4288 Ado
792 4239 879 4286 Itoana
893 4241 978 4300 p889.
986 4253 1009 4286 ιι.
1020 4241 1072 4288 129.
1181 4244 1192 4269 ⁰
1210 4237 1271 4284 Hiar.
1282 4237 1373 4297 Beliqq.
1382 4249 1479 4284 xxrru.
1491 4237 1528 4284 16.
1538 4239 1559 4283 1.

459 4339 470 4373 ι
487 4332 545 4379 ibid
557 4345 580 4390 p
591 4331 645 4376 887.
657 4341 681 4373 ιι.
692 4327 745 4374 ras
1180 4329 1192 4354 0
1208 4322 1322 4382 moen.
1336 4325 1357 4370 7.
1368 4319 1425 4385 (voi
1434 4334 1463 4368 ιι.
1476 4335 1498 4380 ιι
1510 4323 1564 4369 174.
1576 4323 1630 4370 adit.
1644 4320 1751 4384 Hm)

458 4415 470 4449 ¹¹
487 4417 558 4464 Imm.
569 4429 592 4461 n.
601 4416 623 4461 2.
636 4413 705 4474 pio.
739 4410 768 4458 1n
778 4407 872 4458 Biora
886 4423 908 4456 ιι
917 4411 988 4457 8098.
1181 4413 1193 4448 ¹³
1209 4407 1270 4454 Vide
1281 4407 1332 4454 libr.
1345 4406 1436 4465 Esther,
1449 4417 1508 4453 xrrr.
1523 4407 1559 4454 12.
