3952 5238
424 594 486 658 320
975 587 1266 656 AUCTARlUM.
1544 587 1808 675 [ruscanxxvnr.

418 780 517 846 latum
534 789 708 866 porrectam
728 776 772 842 ita
786 785 823 841 ut
833 775 960 842 cellulas
976 775 1125 861 quasdam
1142 775 1343 861 (columbario
1357 771 1391 837 in
1402 783 1477 837 nota
1490 769 1716 860 Btckhiansr)
1728 795 1808 838 com-

419 884 618 972 plecteretur,
635 906 705 968 quae
728 895 761 946 et
783 879 858 969 ipsae
878 880 1045 968 sepultura
1070 879 1294 946 inserviebant.
1340 879 1400 944 Hae
1426 885 1579 949 εἶαῶσται.
1624 881 1704 948 Haec
1726 881 1808 947 notio

423 991 500 1055 bene
516 988 665 1054 convenit
678 1011 751 1054 cum
766 1001 873 1076 etymo
896 988 990 1053 obvio
1004 986 1109 1066 πλᾶτη
1124 1011 1179 1052 seu
1198 987 1332 1064 πλάτος,
1354 987 1487 1064 πλατύς,
1508 987 1563 1052 sed
1581 1011 1647 1052 vox
1668 987 1737 1075 ipsa
1750 1011 1808 1052 non

421 1094 614 1182 conspicitur
628 1093 689 1159 nisi
704 1093 737 1158 in
753 1093 852 1159 titulis
867 1091 1101 1181 sepulcralibus.

487 1199 648 1265 Videntur
670 1197 704 1263 hi
719 1200 836 1267 πλάται
856 1197 949 1263 hrisse
964 1197 999 1262 in
1013 1221 1104 1262 usum
1116 1196 1280 1283 juniorum
1295 1209 1426 1274 tanturn,
1443 1195 1494 1262 vel
1510 1195 1614 1261 minus
1632 1195 1807 1286 insignium,

422 1302 566 1391 sepositi:
582 1313 690 1367 contra
701 1299 906 1388 sarcophagos
922 1299 983 1366 sibi
997 1301 1195 1366 reservabant
1210 1301 1455 1388 patresfamilias,
1468 1301 1520 1366 vel
1530 1301 1555 1366 ii
1570 1302 1685 1387 quibus
1708 1327 1807 1369 usum-

423 1407 558 1472 fructum
574 1404 699 1470 illorum
714 1403 967 1469 condonaverant
980 1417 1257 1468 monumentorum
1272 1403 1462 1468 fundatores.

490 1509 616 1576 Deinde
646 1511 786 1597 (utrem
810 1507 993 1597 prosequar)
1020 1521 1087 1574 erat
1110 1519 1271 1594 μνημεῖον,
1298 1507 1384 1595 quod
1409 1521 1441 1574 et
1463 1509 1591 1598 τύμβος
1610 1511 1664 1576 vel
1686 1511 1805 1599 βωμός,

423 1611 653 1701 superpositum
667 1617 711 1699 τῷ
726 1613 842 1699 πλάτα,
857 1624 890 1676 et
903 1610 1007 1698 ipsum
1021 1634 1091 1676 suas
1105 1610 1232 1676 cellulas
1247 1612 1428 1700 (siculotae)
1444 1614 1648 1702 complexum
1659 1617 1711 1682 vel
1729 1618 1807 1682 intua

422 1733 590 1800 extructas,
606 1719 658 1784 vel
681 1718 771 1785 lateri
796 1718 972 1807 appositas:
994 1719 1043 1783 hae
1069 1717 1238 1804 aliquando
1261 1721 1499 1806 πεπλακωμέναι
1521 1721 1585 1800 vel,
1607 1737 1644 1788 ut
1666 1723 1807 1790 Biiclrhio

422 1827 549 1903 visum⁰‚
565 1825 713 1894 πλᾶιιινοι
727 1825 828 1904 dictae,
845 1823 963 1913 quippe
975 1849 1017 1891 ex
1029 1824 1143 1890 tabulis
1157 1825 1338 1891 marmoreis
1353 1826 1503 1892 confiatae.
1548 1827 1670 1894 Videor
1689 1853 1807 1916 quoque

422 1933 516 2018 hujus
531 1931 617 1997 vocis
642 1945 674 1997 et
692 1930 823 1996 formam
844 1935 977 2009 ἐπιώστη
997 1930 1190 2018 agnovisse⁰;
1213 1931 1268 1997 sed
1287 1931 1348 1998 hoc
1367 1931 1534 1998 incertum.
1579 1933 1705 2002 Deinde
1727 1949 1807 2002 erant

422 2042 572 2118 ιἰτιῖιαται,
588 2061 657 2125 quae
669 2035 817 2102 videntur
831 2035 924 2102 fuisse
943 2035 1064 2102 cellula
1076 2039 1228 2116 (canutio
1248 2037 1385 2126 appellat
1399 2037 1592 2128 Boekhiusr)
1609 2042 1716 2107 subter
1730 2066 1805 2108 aram

422 2144 472 2210 vel
487 2155 738 2209 monumentum.
783 2142 871 2208 Inter
892 2142 953 2208 hoc
974 2156 1007 2208 et
1021 2141 1248 2231 sarcophagum
1265 2145 1338 2231 (τὴν
1351 2147 1465 2233 σορὸν)
1478 2145 1606 2229 jacebat
1622 2146 1804 2236 Εἰδοφόρος,

423 2252 463 2318 de
483 2275 545 2338 quo
561 2275 654 2339 supra
670 2249 779 2316 monui
794 2249 828 2315 in
843 2264 917 2316 nota
934 2251 974 2316 ad
993 2249 1043 2315 tit.
1060 2271 1159 2315 nxxv.
1176 2253 1205 2317 8.
1252 2249 1385 2317 Coronis
1399 2263 1560 2316 structurae
1572 2266 1638 2318 crat
1651 2254 1806 2342 sarcopha-

420 2381 488 2446 gus,
512 2381 554 2422 ex
575 2380 638 2443 quo
661 2356 858 2444 profluebant
883 2353 1106 2444 appellationes
1130 2359 1231 2443 πόρια,
1255 2360 1405 2445 ἐντόριαῆ,
1432 2359 1596 2445 ὑπααόρια.
1648 2359 1688 2424 Ιιι
1708 2359 1806 2426 libello

424 2464 536 2552 priore‘
551 2461 690 2550 explicui
706 2465 816 2548 σόριον
832 2475 981 2547 tanquam
993 2461 1134 2547 ejusdem
1145 2462 1383 2551 significationis
1394 2487 1466 2528 cum
1479 2471 1578 2552 οορῷ,
1595 2466 1680 2552 quod
1703 2465 1807 2554 opinor

423 2569 599 2635 luculenter
613 2582 754 2634 constare
765 2593 808 2634 ex
817 2568 910 2634 titulo
925 2585 1030 2634 nostro
1041 2591 1181 2635 nxxxnr.
1197 2571 1246 2636 10.
1255 2571 1371 2637 fatente
1383 2571 1529 2638 Biickhio
1538 2573 1629 2661 ipso'.
1652 2573 1805 2662 Ἐναόρια,

424 2677 581 2761 ὑποσόρια
602 2685 691 2737 erant
710 2672 836 2738 fortasse
859 2673 980 2738 ccllulae
998 2674 1171 2762 (εἶσῶσται)
1188 2674 1233 2739 ita
1247 2689 1365 2740 vocatae
1385 2690 1512 2764 propter
1530 2677 1624 2744 situm
1644 2703 1752 2746 eorum
1765 2703 1806 2745 re·

426 2797 534 2870 spectu
550 2779 742 2868 sarcophagi,
760 2778 867 2866 quales
881 2793 970 2846 erant
985 2779 1091 2844 Isostae
1106 2793 1284 2844 memoratae
1300 2781 1334 2846 in
1354 2781 1414 2847 hoc
1429 2781 1497 2868 ipso
1512 2781 1605 2848 titulo
1619 2785 1806 2872 ὑποκείμεναι

419 2896 459 2977 τῇ
482 2895 581 2976 σορῷ,
608 2899 641 2952 et
664 2887 698 2952 in
728 2886 1019 2973 alter0(1.xxx111.)
1044 2893 1273 2975 παρακείμεναι.
1332 2888 1484 2953 Poterant
1507 2913 1632 2975 quoque
1659 2892 1805 2978 ὑποσόριο

423 2994 517 3061 fuisse
529 2995 563 3058 in
572 2991 765 3079 Eidophoro,
778 2992 842 3079 qui,
856 3007 892 3057 ut
901 2993 1021 3058 dictum
1031 3016 1133 3080 supra,
1150 3015 1233 3057 aram
1245 2992 1368 3060 interet
1382 2993 1608 3083 sarcophagum
1622 2997 1741 3083 positus
1755 3011 1805 3074 ast,

427 3115 459 3166 et
470 3100 522 3166 cui
536 3113 626 3166 erant
640 3123 702 3165 suae
718 3100 826 3165 isostae.

495 3207 581 3272 Vasa
604 3231 729 3292 quoque
746 3220 845 3286 erant,
858 3209 982 3296 ιἰγγεῖιι,
998 3207 1165 3296 sepulturae
1175 3206 1387 3286 inservientia,
1400 3207 1439 3273 de
1450 3206 1564 3294 quibus
1573 3231 1675 3295 pauca
1685 3205 1806 3274 disserui

427 3315 459 3378 in
475 3313 577 3401 priore
592 3313 719 3381 libello‘.
765 3315 888 3382 Dubito
900 3315 1003 3382 adhuc
1018 3317 1057 3383 de
1069 3341 1127 3382 usu
1142 3340 1261 3393 eorum,
1277 3340 1316 3381 an
1327 3315 1445 3382 fuerint
1459 3339 1546 3380 urna
1557 3315 1598 3380 ad
1612 3315 1731 3382 cinerea
1741 3337 1806 3381 oon·

427 3421 546 3489 dendos
556 3434 751 3510 comparatas,
764 3447 804 3487 an
820 3429 922 3509 copel.
957 3422 1100 3488 Fortasse
1112 3423 1236 3500 orantia,
1249 3435 1281 3486 et
1295 3419 1370 3484 hino
1384 3418 1418 3484 in
1434 3415 1669 3484 Commentario
1680 3418 1806 3505 quodam

426 3552 497 3594 meo
511 3527 690 3616 comparavi
710 3551 782 3592 oum
795 3524 940 3614 λόρναξι,
957 3525 1187 3614 ὀοτοδοχείοις,
1201 3523 1400 3604 ὑποθήκαις,
1416 3535 1493 3590 etos
1538 3524 1692 3612 Cognatae
1706 3522 1805 3590 viden-

426 3647 477 3700 tur
490 3631 584 3699 fuisse
599 3633 813 3698 Romanorum
827 3655 913 3710 arcoe,
930 3629 970 3698 de
985 3631 1098 3717 quibus
1110 3628 1257 3695 Plinius'.

458 3829 475 3854 ¹¹¹
487 3822 546 3870 thiu
559 3837 580 3883 p
591 3825 646 3888 tto.
1145 3820 1234 3870 Bdclrh.
1246 3835 1269 3869 n
1280 3823 1351 3869 4299.

456 3912 468 3938 ⁰
485 3905 544 3952 Ibld.
556 3919 578 3965 p
589 3907 643 3954 ott.
656 3920 678 3952 ιι.
689 3907 759 3953 2846.
1177 3909 1187 3937 ¹
1205 3905 1300 3952 Auctar.
1313 3919 1334 3966 p
1347 3906 1400 3953 180.

457 3997 468 4020 ⁰
484 3989 544 4037 Vide
556 3991 641 4038 Fascio.
650 4003 667 4037 r.
676 4005 713 4050 pp.
723 3993 760 4038 78.
775 3992 828 4038 181.
862 3991 907 4040 stt
915 3992 974 4039 conf.
984 3991 1035 4038 infr.
1044 4005 1096 4058 qua
1177 3998 1186 4023 ¹
1205 3991 1253 4038 Ubi
1263 4005 1324 4050 supr.
1337 3993 1422 4052 poll.
1434 3989 1456 4038 b
1468 3997 1515 4038 not.

424 4077 452 4122 dc
464 4075 507 4122 hoc
518 4075 587 4122 titulo
595 4076 702 4123 dicuutur
713 4075 737 4122 ln
748 4089 770 4136 p
783 4079 835 4124 177.
1179 4074 1334 4133 ¹Ubisupra
1368 4073 1460 4121 Titulus
1467 4071 1805 4137 Smymoemsdtfuemrupaxi

459 4167 471 4201 Ρ
489 4161 535 4208 Ubi
547 4175 608 4220 supr.
619 4176 642 4221 p
650 4163 706 4208 tta.
715 4175 738 4208 ra
747 4163 818 4209 2667.
1145 4165 1181 4207 est
1192 4159 1297 4218 Bdckhii,
1308 4175 1330 4206 n.
1339 4162 1410 4208 8886.

455 4252 466 4286 a
483 4245 579 4292 Ραοοαια
599 4245 670 4292 Ιαιατ.
689 4244 769 4305 Antiq.
792 4259 815 4304 p
831 4245 870 4292 22.
890 4259 912 4291 ιι.
930 4245 967 4292 12.
980 4246 1002 4292 8.
1036 4243 1096 4291 Vade
1178 4247 1189 4273 ¹
1206 4242 1271 4291 conr.
1283 4241 1346 4290 Actt
1355 4242 1428 4289 Accu
1440 4241 1498 4304 Bag.
1510 4242 1607 4291 Hiber-n.
1618 4243 1666 4292 vol.
1675 4257 1731 4292 xxi.
1741 4242 1804 4304 aaa

423 4330 512 4378 Bdclrh.
529 4331 569 4378 ubl
588 4345 649 4391 supr.
662 4332 748 4391 ptol.
759 4344 783 4377 n.
793 4331 864 4377 8264.
899 4329 1020 4390 Reperltnr
1032 4325 1096 4377 ιἰπο-
1146 4333 1192 4376 not

424 4415 546 4478 otpwvin
557 4415 593 4462 tu.
605 4414 732 4476 Anu'phalt
745 4413 864 4474 Felloanli,
876 4413 922 4462 vol
936 4427 964 4462 u.
975 4415 1062 4462 ιι182.
1074 4416 1096 4462 6.
1180 4417 1190 4442 *
1205 4411 1236 4460 N.
1245 4411 1344 4460 Exin.
1356 4413 1395 4462 at.
1407 4415 1428 4460 1.
1445 4411 1511 4462 cont
1520 4412 1572 4463 Lis.
1580 4425 1623 4460 ιι.
1632 4415 1671 4462 29.
1689 4411 1807 4463 Vama
