<?xml version="1.0" encoding="UTF-8"?>
<!DOCTYPE html PUBLIC "-//W3C//DTD XHTML 1.0 Transitional//EN"
    "http://www.w3.org/TR/xhtml1/DTD/xhtml1-transitional.dtd">
<html xmlns="http://www.w3.org/1999/xhtml" xml:lang="en" lang="en">
 <head>
  <title>
</title>
<meta http-equiv="Content-Type" content="text/html;charset=utf-8" />
  <meta name='ocr-system' content='tesseract 3.04.00' />
  <meta name='ocr-capabilities' content='ocr_page ocr_carea ocr_par ocr_line ocrx_word'/>
</head>
<body>
  <div class='ocr_page' id='page_1' title='image "./fasciculusinscr01kenngoog_0053.png"; bbox 0 0 4004 5264; ppageno 0'>
   <div class='ocr_carea' id='block_1_1' title="bbox 443 564 1831 656">
    <p class='ocr_par' dir='ltr' id='par_1_1' title="bbox 443 564 1831 656">
     <span class='ocr_line' id='line_1_1' title="bbox 443 564 1831 656; baseline 0.001 -25"><span class='ocrx_word' id='word_1_1' title='bbox 443 569 485 631; x_wconf 78' lang='lat'>42</span> <span class='ocrx_word' id='word_1_2' title='bbox 853 564 1205 634; x_wconf 81' lang='lat' dir='ltr'>INSCRlPTiONES</span> <span class='ocrx_word' id='word_1_3' title='bbox 1228 565 1419 634; x_wconf 84' lang='lat' dir='ltr'><strong>GRAECAE.</strong></span> <span class='ocrx_word' id='word_1_4' title='bbox 1477 567 1734 656; x_wconf 78' lang='lat' dir='ltr'>[1uscu.axv111.‚</span> <span class='ocrx_word' id='word_1_5' title='bbox 1747 587 1831 634; x_wconf 83' lang='lat' dir='ltr'>axrx.</span> 
     </span>
    </p>
   </div>
   <div class='ocr_carea' id='block_1_2' title="bbox 445 756 1833 1134">
    <p class='ocr_par' dir='ltr' id='par_1_2' title="bbox 445 756 1833 1134">
     <span class='ocr_line' id='line_1_2' title="bbox 445 756 1833 867; baseline 0.006 -29"><span class='ocrx_word' id='word_1_6' title='bbox 445 761 620 865; x_wconf 75' lang='grc' dir='ltr'>Εὔμαχος</span> <span class='ocrx_word' id='word_1_7' title='bbox 638 756 913 864; x_wconf 85' lang='grc' dir='ltr'>Ἀθηναγόρου,</span> <span class='ocrx_word' id='word_1_8' title='bbox 933 761 1000 840; x_wconf 82' lang='grc' dir='ltr'>τοῦ</span> <span class='ocrx_word' id='word_1_9' title='bbox 1018 757 1290 866; x_wconf 81' lang='grc' dir='ltr'>Ἀθηναγόρου,</span> <span class='ocrx_word' id='word_1_10' title='bbox 1324 763 1391 842; x_wconf 85' lang='grc' dir='ltr'>τοῦ</span> <span class='ocrx_word' id='word_1_11' title='bbox 1422 759 1613 867; x_wconf 83' lang='grc' dir='ltr'>Εὐμάχου,</span> <span class='ocrx_word' id='word_1_12' title='bbox 1640 763 1833 866; x_wconf 74' lang='grc' dir='ltr'>Διογένης,</span> 
     </span>
     <span class='ocr_line' id='line_1_3' title="bbox 446 887 1832 1000; baseline 0.003 -30"><span class='ocrx_word' id='word_1_13' title='bbox 446 890 693 998; x_wconf 83' lang='grc' dir='ltr'>φιλόκαισαρ,</span> <span class='ocrx_word' id='word_1_14' title='bbox 715 893 776 970; x_wconf 87' lang='grc' dir='ltr'>καὶ</span> <span class='ocrx_word' id='word_1_15' title='bbox 793 887 954 992; x_wconf 85' lang='grc' dir='ltr'>Ἀμμίος</span> <span class='ocrx_word' id='word_1_16' title='bbox 974 894 1194 991; x_wconf 86' lang='grc' dir='ltr'>Διονυσίου,</span> <span class='ocrx_word' id='word_1_17' title='bbox 1215 889 1331 1000; x_wconf 74' lang='grc' dir='ltr'>φύσει</span> <span class='ocrx_word' id='word_1_18' title='bbox 1355 890 1396 972; x_wconf 80' lang='grc' dir='ltr'>δὲ</span> <span class='ocrx_word' id='word_1_19' title='bbox 1408 890 1639 997; x_wconf 83' lang='grc' dir='ltr'>Ἀδράστου,</span> <span class='ocrx_word' id='word_1_20' title='bbox 1664 897 1731 975; x_wconf 80' lang='grc' dir='ltr'>τοῦ</span> <span class='ocrx_word' id='word_1_21' title='bbox 1753 890 1832 974; x_wconf 80' lang='grc' dir='ltr'>Μό-</span> 
     </span>
     <span class='ocr_line' id='line_1_4' title="bbox 541 1022 1736 1134; baseline -0.001 -29"><span class='ocrx_word' id='word_1_22' title='bbox 541 1036 674 1124; x_wconf 87' lang='grc' dir='ltr'>λωνος,</span> <span class='ocrx_word' id='word_1_23' title='bbox 691 1023 920 1126; x_wconf 77' lang='grc' dir='ltr'>Ὀλυμπιάς,</span> <span class='ocrx_word' id='word_1_24' title='bbox 942 1022 1009 1106; x_wconf 76' lang='grc' dir='ltr'>τὸν</span> <span class='ocrx_word' id='word_1_25' title='bbox 1028 1027 1134 1107; x_wconf 86' lang='grc' dir='ltr'>κίονα</span> <span class='ocrx_word' id='word_1_26' title='bbox 1153 1029 1220 1134; x_wconf 76' lang='grc' dir='ltr'>θεᾷ</span> <span class='ocrx_word' id='word_1_27' title='bbox 1239 1025 1449 1134; x_wconf 77' lang='grc' dir='ltr'>Ἀφροδίτῃ</span> <span class='ocrx_word' id='word_1_28' title='bbox 1470 1029 1531 1106; x_wconf 83' lang='grc' dir='ltr'>καὶ</span> <span class='ocrx_word' id='word_1_29' title='bbox 1550 1029 1601 1134; x_wconf 75' lang='grc' dir='ltr'>τῷ</span> <span class='ocrx_word' id='word_1_30' title='bbox 1621 1025 1736 1134; x_wconf 78' lang='grc' dir='ltr'>δήμῳ.</span> 
     </span>
    </p>
   </div>
   <div class='ocr_carea' id='block_1_3' title="bbox 523 1197 1834 1298">
    <p class='ocr_par' dir='ltr' id='par_1_3' title="bbox 523 1197 1834 1298">
     <span class='ocr_line' id='line_1_5' title="bbox 523 1197 1834 1298; baseline 0.002 -26"><span class='ocrx_word' id='word_1_31' title='bbox 523 1199 668 1273; x_wconf 86' lang='lat' dir='ltr'>Titulus</span> <span class='ocrx_word' id='word_1_32' title='bbox 695 1197 806 1272; x_wconf 83' lang='lat' dir='ltr'><strong>refert</strong></span> <span class='ocrx_word' id='word_1_33' title='bbox 833 1198 1097 1272; x_wconf 80' lang='lat' dir='ltr'>dedicationem</span> <span class='ocrx_word' id='word_1_34' title='bbox 1125 1200 1303 1274; x_wconf 88' lang='lat' dir='ltr'>columnae</span> <span class='ocrx_word' id='word_1_35' title='bbox 1330 1201 1408 1275; x_wconf 85' lang='lat' dir='ltr'>deae</span> <span class='ocrx_word' id='word_1_36' title='bbox 1435 1212 1473 1274; x_wconf 87' lang='lat' dir='ltr'>et</span> <span class='ocrx_word' id='word_1_37' title='bbox 1497 1201 1634 1298; x_wconf 93' lang='lat' dir='ltr'>populo</span> <span class='ocrx_word' id='word_1_38' title='bbox 1656 1200 1834 1298; x_wconf 88' lang='lat' dir='ltr'>Aphrodi-</span> 
     </span>
    </p>
   </div>
   <div class='ocr_carea' id='block_1_4' title="bbox 369 1321 1834 2113">
    <p class='ocr_par' dir='ltr' id='par_1_4' title="bbox 447 1321 1834 1778">
     <span class='ocr_line' id='line_1_6' title="bbox 447 1321 1834 1420; baseline 0.001 -29"><span class='ocrx_word' id='word_1_39' title='bbox 447 1321 555 1392; x_wconf 86' lang='lat' dir='ltr'>siensi</span> <span class='ocrx_word' id='word_1_40' title='bbox 583 1345 648 1417; x_wconf 91' lang='lat' dir='ltr'>per</span> <span class='ocrx_word' id='word_1_41' title='bbox 674 1321 876 1418; x_wconf 87' lang='lat' dir='ltr'>Diogenem</span> <span class='ocrx_word' id='word_1_42' title='bbox 907 1333 944 1394; x_wconf 89' lang='lat' dir='ltr'>et</span> <span class='ocrx_word' id='word_1_43' title='bbox 962 1321 1224 1420; x_wconf 78' lang='lat' dir='ltr'>Olympiadem.</span> <span class='ocrx_word' id='word_1_44' title='bbox 1277 1323 1454 1396; x_wconf 85' lang='lat' dir='ltr'>Exstabat</span> <span class='ocrx_word' id='word_1_45' title='bbox 1480 1345 1627 1418; x_wconf 91' lang='lat' dir='ltr'>quoque</span> <span class='ocrx_word' id='word_1_46' title='bbox 1655 1321 1760 1395; x_wconf 88' lang='lat' dir='ltr'>alteri</span> <span class='ocrx_word' id='word_1_47' title='bbox 1782 1346 1834 1396; x_wconf 87' lang='lat' dir='ltr'>co</span> 
     </span>
     <span class='ocr_line' id='line_1_7' title="bbox 447 1437 1834 1540; baseline 0.001 -30"><span class='ocrx_word' id='word_1_48' title='bbox 447 1439 581 1512; x_wconf 86' lang='lat' dir='ltr'>lumnae</span> <span class='ocrx_word' id='word_1_49' title='bbox 597 1441 634 1512; x_wconf 88' lang='lat' dir='ltr'>in</span> <span class='ocrx_word' id='word_1_50' title='bbox 652 1441 838 1540; x_wconf 87' lang='lat' dir='ltr'>peristylio</span> <span class='ocrx_word' id='word_1_51' title='bbox 855 1439 982 1538; x_wconf 89' lang='lat' dir='ltr'>tempii</span> <span class='ocrx_word' id='word_1_52' title='bbox 996 1439 1221 1537; x_wconf 86' lang='lat' dir='ltr'>Aphrodites</span> <span class='ocrx_word' id='word_1_53' title='bbox 1238 1440 1449 1536; x_wconf 89' lang='lat' dir='ltr'>insculptus,</span> <span class='ocrx_word' id='word_1_54' title='bbox 1472 1437 1674 1535; x_wconf 87' lang='lat' dir='ltr'>iisdemque</span> <span class='ocrx_word' id='word_1_55' title='bbox 1691 1464 1834 1537; x_wconf 87' lang='lat' dir='ltr'>prorsus</span> 
     </span>
     <span class='ocr_line' id='line_1_8' title="bbox 447 1559 1833 1658; baseline 0.003 -28"><span class='ocrx_word' id='word_1_56' title='bbox 447 1559 567 1632; x_wconf 89' lang='lat' dir='ltr'>verbis</span> <span class='ocrx_word' id='word_1_57' title='bbox 585 1561 803 1658; x_wconf 89' lang='lat' dir='ltr'>compositus</span> <span class='ocrx_word' id='word_1_58' title='bbox 826 1562 890 1634; x_wconf 90' lang='lat' dir='ltr'>sed</span> <span class='ocrx_word' id='word_1_59' title='bbox 912 1586 994 1636; x_wconf 91' lang='lat' dir='ltr'>cum</span> <span class='ocrx_word' id='word_1_60' title='bbox 1013 1559 1267 1635; x_wconf 84' lang='lat' dir='ltr'>distributione</span> <span class='ocrx_word' id='word_1_61' title='bbox 1284 1586 1454 1636; x_wconf 86' lang='lat' dir='ltr'>versuum</span> <span class='ocrx_word' id='word_1_62' title='bbox 1476 1561 1629 1658; x_wconf 85' lang='lat' dir='ltr'>dispare,</span> <span class='ocrx_word' id='word_1_63' title='bbox 1647 1560 1833 1646; x_wconf 91' lang='lat' dir='ltr'>secundus,</span> 
     </span>
     <span class='ocr_line' id='line_1_9' title="bbox 447 1677 1834 1778; baseline 0.004 -29"><span class='ocrx_word' id='word_1_64' title='bbox 447 1678 551 1773; x_wconf 75' lang='lat' dir='ltr'>cuju·</span> <span class='ocrx_word' id='word_1_65' title='bbox 580 1677 824 1777; x_wconf 85' lang='lat' dir='ltr'>apographum</span> <span class='ocrx_word' id='word_1_66' title='bbox 855 1679 934 1753; x_wconf 88' lang='lat' dir='ltr'>feci.</span> <span class='ocrx_word' id='word_1_67' title='bbox 1005 1679 1116 1754; x_wconf 88' lang='lat' dir='ltr'>Hunc</span> <span class='ocrx_word' id='word_1_68' title='bbox 1145 1691 1188 1753; x_wconf 93' lang='lat' dir='ltr'>ut</span> <span class='ocrx_word' id='word_1_69' title='bbox 1214 1703 1520 1778; x_wconf 84' lang='lat' dir='ltr'>supervacaneum</span> <span class='ocrx_word' id='word_1_70' title='bbox 1554 1680 1678 1772; x_wconf 85' lang='lat' dir='ltr'>omisi3</span> <span class='ocrx_word' id='word_1_71' title='bbox 1709 1681 1747 1754; x_wconf 91' lang='lat' dir='ltr'>in</span> <span class='ocrx_word' id='word_1_72' title='bbox 1774 1706 1834 1754; x_wconf 88' lang='lat' dir='ltr'>sua</span> 
     </span>
    </p>

    <p class='ocr_par' dir='ltr' id='par_1_5' title="bbox 369 1795 1834 2113">
     <span class='ocr_line' id='line_1_10' title="bbox 447 1795 1834 1898; baseline 0.002 -29"><span class='ocrx_word' id='word_1_73' title='bbox 447 1798 709 1872; x_wconf 83' lang='lat' dir='ltr'>transtulerunt</span> <span class='ocrx_word' id='word_1_74' title='bbox 726 1799 924 1875; x_wconf 77' lang='lat' dir='ltr'>Bdckhius‘</span> <span class='ocrx_word' id='word_1_75' title='bbox 944 1823 992 1872; x_wconf 88' lang='lat' dir='ltr'>ex</span> <span class='ocrx_word' id='word_1_76' title='bbox 1011 1795 1207 1874; x_wconf 80' lang='lat' dir='ltr'>Sherardd&#39;</span> <span class='ocrx_word' id='word_1_77' title='bbox 1231 1812 1268 1872; x_wconf 91' lang='lat' dir='ltr'>et</span> <span class='ocrx_word' id='word_1_78' title='bbox 1292 1797 1371 1872; x_wconf 85' lang='lat' dir='ltr'>cod.</span> <span class='ocrx_word' id='word_1_79' title='bbox 1394 1798 1607 1898; x_wconf 59' lang='lat' dir='ltr'>Spanhemf,</span> <span class='ocrx_word' id='word_1_80' title='bbox 1630 1813 1667 1873; x_wconf 89' lang='lat' dir='ltr'>et</span> <span class='ocrx_word' id='word_1_81' title='bbox 1688 1800 1834 1874; x_wconf 83' lang='lat' dir='ltr'>Felicu-</span> 
     </span>
     <span class='ocr_line' id='line_1_11' title="bbox 369 1903 1832 2017; baseline 0.003 -30"><span class='ocrx_word' id='word_1_82' title='bbox 369 1903 373 1913; x_wconf 70' lang='grc'><strong>’</strong></span> <span class='ocrx_word' id='word_1_83' title='bbox 449 1913 538 1988; x_wconf 63' lang='lat' dir='ltr'>aius¹¹</span> <span class='ocrx_word' id='word_1_84' title='bbox 557 1941 604 1990; x_wconf 85' lang='lat' dir='ltr'>ex</span> <span class='ocrx_word' id='word_1_85' title='bbox 629 1919 794 2016; x_wconf 83' lang='lat' dir='ltr'>propriis</span> <span class='ocrx_word' id='word_1_86' title='bbox 859 1917 1111 2014; x_wconf 90' lang='lat' dir='ltr'>Discrepantia</span> <span class='ocrx_word' id='word_1_87' title='bbox 1138 1917 1214 1990; x_wconf 91' lang='lat' dir='ltr'>sola</span> <span class='ocrx_word' id='word_1_88' title='bbox 1236 1929 1291 1994; x_wconf 80' lang='lat' dir='ltr'>est</span> <span class='ocrx_word' id='word_1_89' title='bbox 1312 1918 1411 2015; x_wconf 91' lang='lat' dir='ltr'>quod</span> <span class='ocrx_word' id='word_1_90' title='bbox 1435 1919 1534 2017; x_wconf 89' lang='lat' dir='ltr'>prior</span> <span class='ocrx_word' id='word_1_91' title='bbox 1560 1919 1670 1994; x_wconf 88' lang='lat' dir='ltr'>habet</span> <span class='ocrx_word' id='word_1_92' title='bbox 1696 1921 1734 1994; x_wconf 94' lang='lat' dir='ltr'>in</span> <span class='ocrx_word' id='word_1_93' title='bbox 1752 1947 1783 1994; x_wconf 88' lang='lat' dir='ltr'>v.</span> <span class='ocrx_word' id='word_1_94' title='bbox 1803 1925 1832 1993; x_wconf 80' lang='lat' dir='ltr'>t.</span> 
     </span>
     <span class='ocr_line' id='line_1_12' title="bbox 448 2037 1288 2113; baseline 0.005 -5"><span class='ocrx_word' id='word_1_95' title='bbox 448 2040 713 2113; x_wconf 88' lang='grc' dir='ltr'>ΟΛΥΜΓΙΙΑΣ.</span> <span class='ocrx_word' id='word_1_96' title='bbox 770 2040 917 2112; x_wconf 87' lang='lat' dir='ltr'>Mecum</span> <span class='ocrx_word' id='word_1_97' title='bbox 935 2039 1107 2112; x_wconf 88' lang='lat' dir='ltr'>convenit</span> <span class='ocrx_word' id='word_1_98' title='bbox 1124 2037 1288 2112; x_wconf 85' lang='lat' dir='ltr'>Fellows.</span> 
     </span>
    </p>
   </div>
   <div class='ocr_carea' id='block_1_5' title="bbox 1044 2271 1245 2366">
    <p class='ocr_par' dir='ltr' id='par_1_6' title="bbox 1044 2271 1245 2366">
     <span class='ocr_line' id='line_1_13' title="bbox 1044 2271 1245 2366; baseline -0.005 -22"><span class='ocrx_word' id='word_1_99' title='bbox 1044 2271 1187 2344; x_wconf 74' lang='lat' dir='ltr'>cxix.</span> <span class='ocrx_word' id='word_1_100' title='bbox 1211 2280 1245 2366; x_wconf 77' lang='lat' dir='ltr'>,e</span> 
     </span>
    </p>
   </div>
   <div class='ocr_carea' id='block_1_6' title="bbox 871 2439 1449 3297">
    <p class='ocr_par' dir='ltr' id='par_1_7' title="bbox 944 2439 1369 2846">
     <span class='ocr_line' id='line_1_14' title="bbox 945 2439 1245 2509; baseline 0 -2"><span class='ocrx_word' id='word_1_101' title='bbox 945 2439 1245 2509; x_wconf 84' lang='grc' dir='ltr'>ΑΤΤΑΛΟΣΜΕ</span> 
     </span>
     <span class='ocr_line' id='line_1_15' title="bbox 948 2551 1277 2622; baseline 0 -3"><span class='ocrx_word' id='word_1_102' title='bbox 948 2551 1277 2622; x_wconf 86' lang='grc' dir='ltr'>ΝΑΝΔΡΟΥΤΟΥ</span> 
     </span>
     <span class='ocr_line' id='line_1_16' title="bbox 947 2663 1249 2734; baseline -0.003 -2"><span class='ocrx_word' id='word_1_103' title='bbox 947 2663 1249 2734; x_wconf 83' lang='grc' dir='ltr'>ΑΤΤΑΛΟΥΚΑΙ</span> 
     </span>
     <span class='ocr_line' id='line_1_17' title="bbox 944 2777 1369 2846; baseline 0.005 -2"><span class='ocrx_word' id='word_1_104' title='bbox 944 2777 1369 2846; x_wconf 82' lang='grc' dir='ltr'>ΑΤΤΑΛΙΣΜΕΝΕΚΡΑ</span> 
     </span>
    </p>

    <p class='ocr_par' dir='ltr' id='par_1_8' title="bbox 871 2887 1449 3297">
     <span class='ocr_line' id='line_1_18' title="bbox 871 2887 1449 2961; baseline 0.007 -5"><span class='ocrx_word' id='word_1_105' title='bbox 871 2887 894 2956; x_wconf 86' lang='grc'><strong><em>5</em></strong></span> <span class='ocrx_word' id='word_1_106' title='bbox 945 2888 1449 2961; x_wconf 80' lang='grc' dir='ltr'>ΤΟΥΣΤΟΥΑΠΦΙΟΥΟΙΙΕ</span> 
     </span>
     <span class='ocr_line' id='line_1_19' title="bbox 945 3001 1339 3074; baseline 0.005 -4"><span class='ocrx_word' id='word_1_107' title='bbox 945 3001 1339 3074; x_wconf 76' lang='grc' dir='ltr'>ΡΕΙΣΤΗΣΑΦΡΟΔΕΙ</span> 
     </span>
     <span class='ocr_line' id='line_1_20' title="bbox 946 3115 1336 3186; baseline -0.003 -3"><span class='ocrx_word' id='word_1_108' title='bbox 946 3115 1336 3186; x_wconf 80' lang='grc' dir='ltr'>ΤΗΣΘΕΑΑΦΡΟΔΕΙ</span> 
     </span>
     <span class='ocr_line' id='line_1_21' title="bbox 944 3227 1309 3297; baseline 0 -1"><span class='ocrx_word' id='word_1_109' title='bbox 944 3227 1309 3297; x_wconf 85' lang='grc' dir='ltr'>ΤΗΚΑΙΤΩΔΗΜΩ</span> 
     </span>
    </p>
   </div>
   <div class='ocr_carea' id='block_1_7' title="bbox 442 3385 1835 3771">
    <p class='ocr_par' dir='ltr' id='par_1_9' title="bbox 442 3385 1835 3771">
     <span class='ocr_line' id='line_1_22' title="bbox 442 3385 1834 3503; baseline 0.007 -30"><span class='ocrx_word' id='word_1_110' title='bbox 442 3385 632 3478; x_wconf 77' lang='grc' dir='ltr'>’Ἀτταλος</span> <span class='ocrx_word' id='word_1_111' title='bbox 664 3391 900 3500; x_wconf 81' lang='grc' dir='ltr'>Μενάνδρου,</span> <span class='ocrx_word' id='word_1_112' title='bbox 932 3399 1000 3478; x_wconf 77' lang='grc' dir='ltr'>τοῦ</span> <span class='ocrx_word' id='word_1_113' title='bbox 1029 3393 1230 3493; x_wconf 75' lang='grc' dir='ltr'>Ἀττάλου,</span> <span class='ocrx_word' id='word_1_114' title='bbox 1262 3399 1323 3476; x_wconf 85' lang='grc' dir='ltr'>καὶ</span> <span class='ocrx_word' id='word_1_115' title='bbox 1346 3399 1524 3482; x_wconf 78' lang='grc' dir='ltr'>Ἀνταλὶς</span> <span class='ocrx_word' id='word_1_116' title='bbox 1564 3397 1834 3503; x_wconf 81' lang='grc' dir='ltr'>Μενεκράτους,</span> 
     </span>
     <span class='ocr_line' id='line_1_23' title="bbox 448 3527 1835 3638; baseline 0.004 -30"><span class='ocrx_word' id='word_1_117' title='bbox 448 3529 515 3608; x_wconf 82' lang='grc' dir='ltr'>τοῦ</span> <span class='ocrx_word' id='word_1_118' title='bbox 545 3527 725 3635; x_wconf 80' lang='grc' dir='ltr'>Ἀπφίου,</span> <span class='ocrx_word' id='word_1_119' title='bbox 765 3534 798 3608; x_wconf 87' lang='lat' dir='ltr'>oi</span> <span class='ocrx_word' id='word_1_120' title='bbox 840 3535 946 3634; x_wconf 81' lang='grc' dir='ltr'>ἱερεῖς</span> <span class='ocrx_word' id='word_1_121' title='bbox 985 3536 1050 3632; x_wconf 78' lang='grc' dir='ltr'>τῆς</span> <span class='ocrx_word' id='word_1_122' title='bbox 1082 3528 1324 3638; x_wconf 79' lang='grc' dir='ltr'>Ἀφροδίτης,</span> <span class='ocrx_word' id='word_1_123' title='bbox 1357 3533 1424 3638; x_wconf 73' lang='grc' dir='ltr'>θεᾷ</span> <span class='ocrx_word' id='word_1_124' title='bbox 1452 3528 1662 3637; x_wconf 76' lang='grc' dir='ltr'>Ἀφροδίτῃ</span> <span class='ocrx_word' id='word_1_125' title='bbox 1693 3536 1754 3611; x_wconf 81' lang='grc' dir='ltr'>καὶ</span> <span class='ocrx_word' id='word_1_126' title='bbox 1786 3534 1835 3638; x_wconf 74' lang='grc' dir='ltr'>τῷ</span> 
     </span>
     <span class='ocr_line' id='line_1_24' title="bbox 1078 3661 1209 3771; baseline -0.008 -29"><span class='ocrx_word' id='word_1_127' title='bbox 1078 3661 1209 3771; x_wconf 81' lang='grc' dir='ltr'>Δήμῳ.</span> 
     </span>
    </p>
   </div>
   <div class='ocr_carea' id='block_1_8' title="bbox 448 3833 1835 4174">
    <p class='ocr_par' dir='ltr' id='par_1_10' title="bbox 448 3833 1835 4174">
     <span class='ocr_line' id='line_1_25' title="bbox 525 3833 1835 3932; baseline -0.002 -26"><span class='ocrx_word' id='word_1_128' title='bbox 525 3834 678 3919; x_wconf 89' lang='lat' dir='ltr'>Titulus,</span> <span class='ocrx_word' id='word_1_129' title='bbox 695 3833 830 3930; x_wconf 87' lang='lat' dir='ltr'>pariter</span> <span class='ocrx_word' id='word_1_130' title='bbox 842 3859 926 3908; x_wconf 90' lang='lat' dir='ltr'>cum</span> <span class='ocrx_word' id='word_1_131' title='bbox 944 3860 988 3908; x_wconf 90' lang='lat' dir='ltr'>eo</span> <span class='ocrx_word' id='word_1_132' title='bbox 1005 3835 1068 3930; x_wconf 93' lang='lat' dir='ltr'>qui</span> <span class='ocrx_word' id='word_1_133' title='bbox 1090 3835 1203 3932; x_wconf 86' lang='lat' dir='ltr'>praeit,</span> <span class='ocrx_word' id='word_1_134' title='bbox 1221 3833 1412 3908; x_wconf 90' lang='lat' dir='ltr'>donarium</span> <span class='ocrx_word' id='word_1_135' title='bbox 1425 3846 1691 3927; x_wconf 83' lang='lat' dir='ltr'>commemorat,</span> <span class='ocrx_word' id='word_1_136' title='bbox 1709 3857 1835 3930; x_wconf 88' lang='lat' dir='ltr'>nempe</span> 
     </span>
     <span class='ocr_line' id='line_1_26' title="bbox 448 3951 1835 4051; baseline -0.006 -21"><span class='ocrx_word' id='word_1_137' title='bbox 448 3956 650 4030; x_wconf 85' lang='lat' dir='ltr'>columnam</span> <span class='ocrx_word' id='word_1_138' title='bbox 664 3954 702 4026; x_wconf 91' lang='lat' dir='ltr'>in</span> <span class='ocrx_word' id='word_1_139' title='bbox 715 3978 788 4050; x_wconf 90' lang='lat' dir='ltr'>qua</span> <span class='ocrx_word' id='word_1_140' title='bbox 799 3954 1012 4051; x_wconf 87' lang='lat' dir='ltr'>inscriptum</span> <span class='ocrx_word' id='word_1_141' title='bbox 1024 3953 1153 4050; x_wconf 90' lang='lat' dir='ltr'>reperi,</span> <span class='ocrx_word' id='word_1_142' title='bbox 1161 3953 1210 4025; x_wconf 93' lang='lat' dir='ltr'>ab</span> <span class='ocrx_word' id='word_1_143' title='bbox 1223 3951 1352 4025; x_wconf 84' lang='lat' dir='ltr'>Attalo</span> <span class='ocrx_word' id='word_1_144' title='bbox 1365 3965 1402 4025; x_wconf 87' lang='lat' dir='ltr'>et</span> <span class='ocrx_word' id='word_1_145' title='bbox 1415 3951 1580 4025; x_wconf 85' lang='lat' dir='ltr'>Attalide</span> <span class='ocrx_word' id='word_1_146' title='bbox 1592 3951 1835 4026; x_wconf 84' lang='lat' dir='ltr'>sacerdotibus</span> 
     </span>
     <span class='ocr_line' id='line_1_27' title="bbox 448 4071 1319 4174; baseline -0.009 -23"><span class='ocrx_word' id='word_1_147' title='bbox 448 4075 573 4174; x_wconf 83' lang='lat' dir='ltr'>templi</span> <span class='ocrx_word' id='word_1_148' title='bbox 590 4075 667 4148; x_wconf 83' lang='lat' dir='ltr'>deae</span> <span class='ocrx_word' id='word_1_149' title='bbox 685 4073 902 4172; x_wconf 85' lang='lat' dir='ltr'>Aphroditae</span> <span class='ocrx_word' id='word_1_150' title='bbox 918 4087 955 4148; x_wconf 90' lang='lat' dir='ltr'>et</span> <span class='ocrx_word' id='word_1_151' title='bbox 971 4074 1107 4172; x_wconf 92' lang='lat' dir='ltr'>populo</span> <span class='ocrx_word' id='word_1_152' title='bbox 1125 4071 1319 4148; x_wconf 86' lang='lat' dir='ltr'>addictum.</span> 
     </span>
    </p>
   </div>
   <div class='ocr_carea' id='block_1_9' title="bbox 487 4255 1575 4447">
    <p class='ocr_par' dir='ltr' id='par_1_11' title="bbox 487 4255 1575 4447">
     <span class='ocr_line' id='line_1_28' title="bbox 488 4255 1404 4346; baseline -0.005 -17"><span class='ocrx_word' id='word_1_153' title='bbox 488 4278 500 4316; x_wconf 64' lang='grc' dir='ltr'>Β</span> <span class='ocrx_word' id='word_1_154' title='bbox 514 4271 576 4329; x_wconf 79' lang='lat' dir='ltr'>Ubi</span> <span class='ocrx_word' id='word_1_155' title='bbox 586 4289 649 4346; x_wconf 89' lang='lat' dir='ltr'>sup.</span> <span class='ocrx_word' id='word_1_156' title='bbox 662 4288 689 4345; x_wconf 90' lang='lat' dir='ltr'>p.</span> <span class='ocrx_word' id='word_1_157' title='bbox 701 4270 769 4328; x_wconf 83' lang='lat'><strong>501.</strong></span> <span class='ocrx_word' id='word_1_158' title='bbox 784 4287 812 4325; x_wconf 92' lang='lat' dir='ltr'>n.</span> <span class='ocrx_word' id='word_1_159' title='bbox 823 4265 909 4331; x_wconf 76' lang='lat'><strong>2748.</strong></span> <span class='ocrx_word' id='word_1_160' title='bbox 1209 4265 1215 4306; x_wconf 70' lang='lat'>¹</span> <span class='ocrx_word' id='word_1_161' title='bbox 1236 4255 1306 4326; x_wconf 76' lang='lat' dir='ltr'>eod.</span> <span class='ocrx_word' id='word_1_162' title='bbox 1321 4287 1349 4325; x_wconf 90' lang='lat' dir='ltr'>n.</span> <span class='ocrx_word' id='word_1_163' title='bbox 1358 4271 1404 4327; x_wconf 88' lang='lat'>38.</span> 
     </span>
     <span class='ocr_line' id='line_1_29' title="bbox 487 4365 1575 4447; baseline -0.002 -21"><span class='ocrx_word' id='word_1_164' title='bbox 487 4370 584 4430; x_wconf 64' lang='lat' dir='ltr'>rcod.</span> <span class='ocrx_word' id='word_1_165' title='bbox 599 4389 626 4447; x_wconf 89' lang='lat' dir='ltr'>p.</span> <span class='ocrx_word' id='word_1_166' title='bbox 642 4369 685 4426; x_wconf 80' lang='lat'>14.</span> <span class='ocrx_word' id='word_1_167' title='bbox 728 4365 800 4426; x_wconf 84' lang='lat' dir='ltr'>Ask.</span> <span class='ocrx_word' id='word_1_168' title='bbox 815 4385 833 4425; x_wconf 89' lang='lat'>1.</span> <span class='ocrx_word' id='word_1_169' title='bbox 848 4365 877 4433; x_wconf 84' lang='grc'>7.</span> <span class='ocrx_word' id='word_1_170' title='bbox 1207 4365 1297 4424; x_wconf 53' lang='grc' dir='ltr'>*Πδί</span> <span class='ocrx_word' id='word_1_171' title='bbox 1313 4385 1376 4443; x_wconf 84' lang='lat' dir='ltr'>sup.</span> <span class='ocrx_word' id='word_1_172' title='bbox 1390 4386 1418 4444; x_wconf 91' lang='lat' dir='ltr'>p.</span> <span class='ocrx_word' id='word_1_173' title='bbox 1428 4368 1474 4426; x_wconf 88' lang='lat'>34.</span> <span class='ocrx_word' id='word_1_174' title='bbox 1490 4387 1518 4424; x_wconf 91' lang='lat' dir='ltr'>n.</span> <span class='ocrx_word' id='word_1_175' title='bbox 1531 4371 1575 4428; x_wconf 84' lang='lat'>13.</span> 
     </span>
    </p>
   </div>
   <div class='ocr_carea' id='block_1_10' title="bbox 0 0 2030 5264">
    <p class='ocr_par' dir='ltr' id='par_1_12' title="bbox 0 0 2030 5264">
     <span class='ocr_line' id='line_1_30' title="bbox 0 0 2030 5264; baseline 0 0"><span class='ocrx_word' id='word_1_176' title='bbox 0 0 2030 5264; x_wconf 95' lang='lat' dir='ltr'> </span> 
     </span>
    </p>
   </div>
  </div>
 </body>
</html>
