3972 5240
433 584 495 652 200
845 579 1197 650 INSORIPTIONES
1219 579 1412 649 GRAEOAE.
1463 583 1830 664 [rnscn.ccvn.‚ccv111.

432 773 652 849 Anthimum
667 771 827 858 Gazam&
841 765 958 870 (unde
977 770 1129 867 scriptor
1145 771 1184 844 in
1202 772 1332 844 Museo
1345 771 1473 844 critico
1484 769 1826 870 cantabrigiensi'),

432 892 698 978 Baniensium&
717 893 947 986 Tumerum',
978 891 1203 966 Richterum'
1225 891 1341 994 (unde
1369 891 1611 990 Irsnckiud).
1663 893 1825 970 schedas

433 1037 578 1111 quoquc
596 1012 751 1086 contulit
780 1013 837 1084 vir
866 1011 1095 1087 doctissimus
1123 1037 1145 1086 α
1174 1013 1337 1100 Κό1ιΙοιο
1363 1013 1500 1101 misses,
1522 1013 1761 1087 Duboisienas
1785 1029 1825 1087 et

434 1133 679 1208 Fsuvelianas.
731 1131 845 1206 Addo
867 1145 905 1204 et
931 1131 1008 1228 ipse
1032 1131 1280 1230 apographum
1298 1129 1447 1228 duplex,
1464 1155 1586 1204 meum
1604 1145 1641 1204 et
1657 1133 1826 1206 Borrelli·

434 1279 551 1328 anum.
604 1253 796 1327 Lectiones
813 1251 969 1325 invicem
987 1275 1187 1349 congruere
1205 1251 1333 1344 video;
1360 1250 1564 1349 discrepare
1581 1252 1768 1327 dumtaxat
1785 1253 1826 1325 in

433 1375 556 1473 paucis
574 1398 743 1448 versuum
761 1373 1013 1448 ordinationes.
1068 1373 1142 1449 Sed
1158 1373 1227 1448 hoc
1244 1371 1450 1448 leviculum.

950 1673 1321 1710 1111111

975 1894 1286 1972 PERGAMUM.

1013 2078 1189 2156 CCVIII.
1216 2105 1245 2154 a.

435 2267 591 2348 Ἀκακία
622 2265 661 2348 δὲ
696 2264 1028 2372 ε’πιχρηματισμός·
1066 2270 1141 2378 ἰδίᾳ
1179 2265 1224 2373 δὴ
1255 2268 1317 2351 διὰ
1345 2265 1389 2352 τό
1422 2273 1517 2377 ὕδωρ
1542 2273 1646 2354 θέσει
1676 2273 1745 2355 εἶπ’
1766 2273 1826 2354 ἀπ’

735 2405 878 2499 αἰῶνος,
898 2401 958 2483 καί
976 2399 1125 2508 λάβρον
1143 2397 1220 2504 ἅμα
1238 2401 1308 2486 εἶσ’
1329 2407 1368 2484 έν
1388 2401 1530 2512 κόσμῳ.

437 2623 520 2706 Ἐπ’
542 2622 666 2729 ἀγαθὰ
695 2631 773 2711 τοῖς
807 2621 990 2730 τεχνίταις
1019 2619 1087 2728 τὴν
1107 2623 1304 2733 διατριβὴν
1323 2631 1479 2731 ἐποίησε
1499 2631 1625 2711 Νίκων
1645 2633 1832 2736 ἐμπείροις

438 2759 495 2836 ἀεὶ
525 2761 590 2856 τῆς
619 2755 765 2858 μνήμης
796 2754 918 2863 χάριν.
977 2763 1071 2840 Θεΐα
1102 2757 1281 2860 καθόλου,
1311 2759 1462 2867 φύσεως
1481 2756 1558 2863 ἅμα
1576 2763 1713 2863 ἡδείας,
1734 2767 1830 2844 deiri

441 2894 582 2986 Κῶνος,
601 2890 624 2988 ἡ
644 2894 806 2996 Σφαῖρα,
828 2893 848 2970 ὁ
870 2889 1093 2998 Κύλινδρος.
1160 2899 1206 2974 Εἰ
1234 2893 1432 3002 κύλινδρος
1456 2897 1733 3002 περιλαμβάνοι
1763 2905 1829 3002 ἀμ-

440 3020 584 3130 φότερα
602 3025 730 3126 θίγμα,
750 3026 855 3124 ἡδεῖα
874 3022 1000 3135 ἐπαφὴ
1018 3027 1125 3109 ἔσται
1140 3030 1320 3136 σφαίρας,
1333 3030 1494 3135 ἅνοιγμα
1512 3035 1535 3134 ἡ
1555 3030 1751 3140 διάμετρος
1765 3035 1829 3137 ἴση

438 3162 558 3236 πᾶσιν
583 3155 793 3258 ἐγκυκλίως
818 3157 1039 3262 διαμέτροις,
1066 3157 1170 3240 ἀλλὰ
1195 3162 1271 3269 ίδίᾳ
1304 3157 1350 3262 δὴ
1380 3165 1442 3244 καὶ
1474 3166 1602 3272 ὕψεσι·
1635 3160 1781 3267 ἅμιλλα
1809 3170 1830 3248 ό

440 3284 557 3391 λόγος
577 3289 637 3380 καὶ
657 3290 696 3368 ἐν
716 3295 859 3397 στερεῷ
877 3291 960 3370 ε’στι
978 3289 1153 3394 προκοπὴ
1174 3288 1207 3372 α’
1226 3288 1264 3390 β’
1283 3287 1337 3397 γ’·
1368 3292 1517 3398 γεννικὴ
1538 3298 1620 3378 θεία
1644 3335 1701 3386 τις
1728 3299 1828 3408 ἒξίσ·

441 3454 545 3517 ωσις,
565 3416 669 3500 ἀλλὰ
688 3419 749 3500 καὶ
768 3422 976 3521 σνμπαθία,
991 3428 1065 3504 τῶν
1085 3431 1248 3530 στερεῶν
1268 3427 1324 3505 ἀεὶ
1343 3426 1460 3528 λόγος
1481 3421 1513 3508 α’
1533 3423 1571 3524 β’
1591 3423 1643 3532 γ’·
1675 3431 1775 3513 καλὰ
1793 3433 1832 3513 δέ

442 3556 503 3633 καὶ
536 3549 727 3651 θαυμάσια
760 3552 815 3654 εἴη
835 3548 882 3635 ἂν
902 3553 1039 3661 στερεὰ
1069 3559 1154 3661 τρία
1180 3557 1370 3665 σχήματα,
1391 3563 1489 3668 ἆῖδιῃ
1509 3561 1583 3668 γὰρ
1605 3561 1725 3668 λόγον
1748 3567 1834 3648 ἴσον

441 3685 557 3768 ποιέει
576 3688 637 3766 καὶ
657 3694 824 3791 στερεοῖς
844 3692 904 3769 καὶ
924 3689 1030 3776 ὅλαις
1064 3694 1286 3801 ε’πιφανίαις.
1343 3692 1392 3775 Ὁ
1418 3693 1559 3793 Κύβος,
1586 3699 1647 3778 καὶ
1672 3703 1703 3778 εί
1727 3702 1830 3802 ε’ναρ·

441 3813 549 3920 μόζοι
570 3815 794 3922 Κύλινδρος,
812 3819 915 3900 ἀλλὰ
934 3823 1009 3930 ἰδίᾳ
1028 3821 1089 3904 καί
1109 3824 1190 3904 θεία
1208 3829 1372 3932 Σφαῖρα,
1386 3818 1529 3907 ἅπασιν
1547 3821 1685 3930 ἦγημα·
1708 3828 1834 3926 Κόβος

485 4074 499 4104 ⁰
513 4065 590 4124 Vide
602 4063 680 4146 Ἐρι.
699 4082 759 4140 noy.
775 4068 846 4127 Jun.
865 4077 895 4127 et
909 4070 972 4129 Jul.
987 4067 1070 4131 1813.
1084 4091 1112 4149 p.
1201 4076 1212 4106 ¹
1230 4069 1299 4130 Irin.
1315 4081 1385 4130 torn.
1398 4089 1442 4131 ιιι.
1457 4093 1484 4152 p.
1496 4075 1563 4140 227.

445 4168 500 4224 113
1204 4173 1215 4208 ¹
1231 4171 1298 4229 ltin.
1314 4191 1342 4248 p.
1352 4171 1420 4236 572.

483 4270 494 4301 ¹⁸
510 4225 591 4322 I’om.
606 4283 624 4324 ι.
638 4285 667 4344 p.
678 4263 746 4328 556.
1167 4305 1170 4312 ι
1205 4271 1215 4305 ¹
1233 4269 1411 4330 Richterscin
1423 4271 1570 4332 Inschrift.
1585 4294 1614 4351 p.
1627 4279 1693 4335 221.

483 4365 494 4397 ⁴
509 4361 756 4440 Constantinople,
769 4381 797 4440 p·
808 4366 874 4424 384.
895 4363 949 4424 Ed.
961 4365 1057 4425 Germ.
