4004 5264
431 535 471 597 26
847 529 1199 598 INSCRIPTIONES
1221 529 1413 597 GRAECAE.
1538 532 1822 612 [rnscn.1.11.‚t111.

434 734 501 806 τοῦ
522 723 694 826 Ζήνωνος
714 732 781 805 τοῦ
801 723 991 826 Εὐδάμου,
1012 726 1072 804 καὶ
1094 719 1375 829 μετηλλαχάτα,
1395 726 1616 824 ἀνατεθῆναι
1644 721 1684 803 δὲ
1712 725 1826 805 αὐτοῦ

434 861 494 939 καὶ
526 854 746 962 ἀνδριάντος
779 859 839 937 καὶ
869 854 1070 961 ἀγάλματα
1099 859 1160 936 καὶ
1191 851 1334 940 εἰκόνας
1355 855 1394 934 ἐν
1417 859 1529 960 ἱεροῖς
1548 858 1609 935 καὶ
1631 856 1825 957 δημοσίοις

434 988 562 1074 τόποις
594 985 666 1070 ὑπὸ
688 989 861 1069 Καλλίου
892 997 959 1069 τοῦ
989 985 1132 1092 πατρὸς
1165 989 1292 1086 αὐτοῦ,
1323 991 1663 1092 παραμεμυθῆσθαι
1695 985 1735 1068 δὲ
1767 989 1825 1068 καὶ

502 1117 671 1228 Ἀπφίαν
690 1118 866 1222 Εὐδάμου
885 1127 952 1200 τοῦ
968 1117 1229 1224 Μητροδώρου
1248 1115 1317 1220 τὴν
1335 1117 1478 1222 μητέρα
1497 1125 1564 1198 τοῦ
1584 1115 1769 1218 Ζήνωνος.

508 1313 634 1388 Refert
659 1335 819 1386 marmor.
846 1311 1034 1386 decretum
1063 1311 1218 1386 Senatus
1241 1323 1279 1384 et
1299 1308 1430 1407 Populi
1448 1307 1747 1405 Aphrodisiensis
1780 1308 1823 1381 de

432 1431 630 1506 honoribus
648 1430 780 1505 debitis
799 1431 948 1519 Zenoni,
966 1431 1041 1505 filio
1059 1431 1196 1519 Gallie,
1220 1429 1434 1518 tribuendis,
1459 1453 1603 1504 necnon
1626 1429 1686 1529 de·
1702 1453 1824 1527 poren-

431 1554 527 1626 tibus
545 1553 623 1649 ejus
642 1551 760 1628 Callia
778 1563 816 1626 et
833 1552 959 1651 Appia
976 1554 1013 1626 in
1031 1565 1147 1626 morte
1165 1551 1357 1626 immature
1373 1549 1440 1624 filii
1456 1550 1695 1626 consolandis.

507 1674 611 1745 AEtns
640 1671 738 1746 tituli
765 1671 903 1745 incerta
925 1683 988 1744 est.
1041 1671 1228 1768 Descripsi
1254 1670 1300 1744 de
1327 1670 1500 1746 moenium
1521 1668 1613 1744 facie
1637 1670 1823 1758 meridiali,

431 1792 494 1867 ubi
512 1806 549 1866 et
566 1792 675 1889 paulo
692 1805 776 1866 onte
790 1792 1028 1866 Feltowsiue.
1081 1795 1141 1865 Ex
1157 1792 1221 1864 illo
1239 1789 1441 1887 desumpsit
1453 1789 1664 1866 Boethius.

505 1911 721 2007 Discrepant
737 1910 834 1984 lectt.
853 1909 1017 1984 Fellows.
1030 1911 1069 1982 in
1082 1935 1116 1983 v.
1132 1913 1161 1982 1.
1180 1914 1329 1984 ΟΩΚΑ.
1348 1909 1387 1982 in
1400 1912 1433 1983 2.
1453 1915 1528 1984 ΕΗ.
1546 1909 1585 1984 in
1603 1915 1635 1984 3.
1652 1916 1818 1984 ΕΣΠΡΩ.

428 2031 467 2104 ln
483 2033 513 2104 7.
534 2036 933 2106 ΜΕΤΗΛΛΑΚΧΟΤΑ.
949 2032 1034 2105 1119.
1049 2037 1249 2106 ΙΕΡΟΙΣΗ.
1265 2031 1375 2103 11111.
1391 2035 1818 2105 ΠΑΡΜΕΜΥΘΗΣΘΑΙ.

430 2161 474 2231 In
502 2157 655 2231 exordio
682 2157 865 2256 supplevit
893 2155 1041 2247 Bcckh;
1071 2142 1214 2254 Ἔδοξε
1245 2151 1290 2253 τῇ
1322 2151 1447 2254 βουλῇ
1478 2149 1538 2228 καὶ
1571 2150 1623 2256 τῷ
1653 2146 1768 2255 δήμῳ·
1804 2150 1823 2226 ὁ

430 2287 532 2363 δεῖνα
551 2277 663 2362 εἶπεν·
686 2276 840 2382 Ἐπειδὴ
861 2279 991 2382 Ζήνων
1008 2281 1184 2360 Καλλίου
1204 2282 1271 2360 τοῦ
1288 2277 1462 2382 Ζήνωνος
1480 2289 1547 2362 τοῦ
1562 2278 1738 2381 Εὐδάμου
1758 2277 1825 2381 τὴν

429 2410 676 2520 ἀναστροφὴν
705 2415 904 2515 πεποίηται
935 2411 1121 2518 ἐνάρετον,
1143 2411 1329 2518 προσήκει
1359 2411 1399 2494 δὲ
1427 2418 1731 2519 παραμυθεῖσθαι
1759 2409 1824 2494 τὸν

428 2547 572 2651 πατέρα
590 2548 704 2627 αὐτοῦ
724 2591 926 2607 ·····
957 2549 1113 2656 ἀγαθῷδ
1138 2546 1200 2628 καὶ
1214 2549 1425 2634 άνελλιπῶς
1450 2585 1484 2628 ιτ.
1499 2583 1533 2628 τ.
1546 2559 1585 2626 λ.

1056 2776 1158 2848 11111.
1185 2775 1209 2848 l.

507 2942 652 3014 Titulus
670 2953 928 3016 commemorat
954 2954 1108 3021 mortem
1127 2941 1263 3030 Calliae,
1290 2941 1410 3016 fratris
1438 2941 1546 3028 illius,
1565 2941 1628 3038 qui
1645 2953 1750 3014 anteo
1767 2940 1823 3014 de-

431 3075 597 3156 cesserat,
616 3063 795 3154 Zenonis;
822 3087 941 3137 mores
967 3062 1101 3150 laudet,
1129 3061 1286 3136 honores
1304 3061 1476 3149 decernit,
1494 3085 1637 3136 necnon
1653 3062 1823 3159 epigram·

431 3194 527 3254 mato
560 3181 744 3278 sepulchri
777 3180 986 3255 honorifico.
1053 3181 1150 3254 Dein
1184 3192 1351 3278 parentes
1382 3179 1423 3256 C.
1458 3193 1496 3253 et
1525 3181 1573 3255 A.
1604 3180 1823 3276 fratremque

433 3301 661 3398 superstitem
679 3301 884 3376 Eudemum
900 3301 1105 3376 hortatione
1136 3301 1274 3398 excipit
1300 3313 1342 3374 ut
1364 3299 1503 3374 tristem
1522 3325 1644 3376 casum
1665 3299 1824 3374 hnmani·

433 3435 489 3494 ter
504 3420 631 3495 ferent.

507 3542 741 3638 Descriptum
758 3541 870 3615 habui
899 3541 1072 3615 indidem.
1124 3541 1349 3615 Fellowsius¹
1367 3566 1523 3638 quoque,
1541 3543 1605 3638 qni
1622 3543 1660 3614 in
1677 3541 1825 3640 Appen-

433 3660 513 3734 dice
539 3661 727 3734 titulorum
756 3660 891 3736 edidit:
929 3661 1069 3735 exilio
1097 3659 1247 3736 Bttckh.⁸
1273 3663 1427 3736 Varicnt
1456 3663 1554 3736 lectt.
1582 3663 1622 3735 in
1645 3687 1678 3734 v.
1700 3665 1730 3734 1.
1761 3662 1826 3735 ubi

433 3781 598 3854 Fellows.
620 3787 717 3854 ΜΕΠ
750 3833 1081 3854 ........
1114 3786 1309 3855 ΙΩΣΟΑΤ.
1355 3784 1446 3856 1114.
1463 3807 1516 3880 pr.
1533 3787 1653 3857 ΤΗΝ.
1702 3785 1747 3856 In
1768 3785 1824 3857 10.

433 3906 561 3976 ΛΟΑΣ
590 3905 754 3974 ΚΑΙΠΡΕ
780 3911 844 3973 etc.
864 3901 930 3973 ubi
956 3925 1024 3998 pro
1051 3905 1180 3975 ΛΟΑΣ
1208 3901 1352 3998 reponit
1381 3901 1518 3979 Bockh.
1546 3903 1585 3976 in
1614 3903 1826 3978 minusculis

434 4017 541 4124 ἀξίας
558 4051 606 4100 ex
623 4027 676 4100 tit.
695 4027 798 4100 LIV.
819 4027 874 4097 12.
928 4025 1082 4123 Propius
1101 4050 1228 4100 verum
1244 4024 1355 4100 credo
1382 4028 1481 4124 quod
1505 4027 1600 4114 dedi,
1619 4028 1826 4128 deceptum-

474 4232 489 4270 Ρ
503 4227 564 4288 Ubi
577 4247 640 4304 sup.
654 4246 682 4304 p.
693 4223 760 4286 316.
775 4245 802 4283 n.
812 4227 859 4284 24.
1194 4231 1206 4264 ¹
1220 4226 1297 4284 Vide
1310 4246 1337 4303 p.
1348 4225 1415 4291 317.
1430 4246 1478 4286 nn
1487 4230 1533 4289 25.
1543 4227 1590 4290 26.

475 4331 488 4367 ‘¹
505 4325 638 4385 Addend.
652 4346 679 4403 p.
692 4327 775 4384 1110.
789 4345 817 4383 n.
829 4321 915 4388 2775.
929 4323 953 4383 b.
1197 4331 1207 4362 ⁸
1226 4325 1360 4385 Addend
1371 4347 1398 4404 p.
1412 4329 1497 4386 1110.
1511 4347 1539 4386 n.
1552 4327 1638 4392 2776.
1649 4347 1671 4387 ι.
