3972 5240
174 612 282 658 rusca.
293 613 499 671 xx111.,xxrv.
516 615 604 661 msc.
615 599 655 682 1.]
733 595 1007 666 PERGAMUM.
1504 606 1566 672 205

253 803 298 876 In
315 815 398 876 aute
412 802 519 878 dictis
532 806 696 902 expressi
712 807 869 882 rationes
884 809 1170 908 (appretiandos
1180 833 1269 906 quas
1282 823 1413 886 vocant
1428 835 1569 910 geome-

173 921 279 1020 trici)
307 921 578 1020 superficierum
612 925 704 1012 coni,
729 925 887 1023 sphaerae,
915 939 953 1001 et
985 928 1151 1026 cylindri,
1181 953 1263 1026 quae
1297 942 1390 1004 stare
1417 943 1570 1028 possunt

174 1043 295 1116 donec
323 1043 457 1116 certior
482 1041 598 1118 factus
628 1070 707 1118 sum
736 1048 869 1121 Niconi
897 1073 971 1122 non
1001 1050 1227 1147 propositum
1256 1050 1367 1124 fuisse
1400 1063 1443 1124 ut
1475 1049 1568 1124 hanc

173 1163 413 1259 quaestionem
431 1159 695 1259 expediendam
713 1177 879 1238 sumeret
932 1165 1091 1239 Videtur
1108 1165 1277 1263 equidem
1293 1167 1433 1241 moveri
1454 1167 1493 1240 in
1509 1193 1567 1240 vv.

174 1293 312 1376 21-24,
332 1314 423 1388 quos
445 1288 596 1387 perinde
621 1288 867 1362 intellexerim
886 1301 927 1363 ut
944 1283 1030 1386 τρία
1048 1281 1226 1388 σχήματα
1240 1291 1279 1364 in
1296 1316 1330 1364 v.
1349 1294 1408 1366 22.
1426 1316 1500 1366 non
1522 1291 1567 1366 de

172 1411 273 1485 cubo
296 1409 494 1496 dumtaxat,
518 1408 666 1506 sphaera,
693 1407 869 1508 cylindro,
898 1409 1005 1482 simul
1023 1410 1169 1506 junctis,
1201 1410 1266 1484 sed
1288 1423 1326 1484 et
1348 1410 1395 1485 de
1417 1411 1463 1486 iis
1486 1437 1567 1510 quae

173 1545 351 1630 praeeunt
369 1529 543 1603 dicantur.
599 1529 718 1628 Magis
746 1554 831 1603 sane
849 1529 1020 1604 elucescit
1042 1531 1157 1604 oratio
1185 1533 1310 1605 scabra
1328 1544 1366 1605 et
1382 1533 1566 1631 impedita,

174 1655 373 1730 subaudito
394 1667 478 1729 ante
503 1649 522 1727 ὁ
544 1643 658 1744 κύβος
674 1655 713 1728 in
730 1681 764 1728 v.
777 1659 834 1729 25.
854 1647 1001 1748 ὁμοίως,
1021 1657 1081 1730 vel
1097 1655 1256 1753 quodam
1274 1657 1391 1731 simili.

254 1775 367 1850 secus
390 1773 535 1847 videtur
555 1771 738 1868 judicasse
767 1771 995 1846 doctissimus
1024 1774 1208 1850 Bdckhius
1235 1777 1300 1873 qui
1319 1776 1457 1851 claudit
1476 1778 1568 1874 peri-

172 1885 288 1960 odum
311 1887 350 1959 in
368 1911 400 1958 v.
414 1889 482 1973 20.
501 1884 641 1958 sublata
657 1882 888 1958 distinctione
914 1899 996 1982 post
1015 1880 1224 1987 ἐπιφανίαις
1249 1890 1287 1963 iu
1315 1893 1372 1963 24.
1423 1890 1516 1977 Hoc,
1536 1891 1566 1963 si

171 2009 291 2106 magis
308 2006 473 2093 arrideat,
491 2029 557 2104 per
573 2027 631 2078 me
649 2005 912 2101 amplectantur
929 2003 1090 2101 legentes
1107 2005 1200 2078 licet.

690 2235 1063 2276 Ιῦθῦῦϋᾶ

251 2417 437 2493 Monenda
464 2416 630 2515 quaedam
656 2417 741 2491 volo
766 2416 863 2491 inter
885 2418 1109 2516 Pergamena
1130 2429 1293 2492 versatus
1320 2418 1366 2493 de
1392 2417 1565 2494 fasciculo

171 2543 296 2638 priore
314 2539 374 2613 vel
391 2537 564 2637 ampliore
579 2537 820 2612 illustratione
836 2537 897 2611 vel
914 2538 1139 2612 correctione
1155 2537 1364 2638 indigentia.

543 2739 739 2815 Fasc1c.I.
768 2739 848 2812 Tm.
866 2738 1018 2812 XXIII.
1037 2761 1067 2812 e.
1094 2763 1128 2836 p.
1148 2740 1205 2812 94.

252 2903 375 2978 Video
386 2902 524 2977 editum
542 2899 756 2978 asssckhi0⁶
776 2929 823 2977 ex
836 2901 1212 3002 Choiseidgouffierim
1227 2905 1408 2990 Tumem,
1420 2903 1565 3002 cyn'llo

172 3023 318 3097 omissis
335 3023 430 3096 notia
448 3019 639 3095 diaereticis
661 3021 700 3094 in
717 3046 774 3093 vv.
793 3024 826 3094 2.
841 3024 873 3094 6.
890 3025 921 3094 7.
962 3025 1007 3096 In
1024 3048 1057 3095 ν.
1070 3025 1103 3094 4.
1121 3023 1212 3122 legit
1228 3049 1260 3096 v.
1274 3023 1308 3096 d.
1328 3031 1567 3099 ΝΕΙΚΩΝΝΕ

171 3149 253 3230 ΟΣ,
270 3141 370 3216 haud
385 3141 497 3216 dubie
514 3155 641 3216 contra
663 3141 773 3215 fidem
800 3143 997 3216 marmoris.
1052 3141 1189 3218 Censet
1213 3167 1332 3241 porro,
1350 3145 1479 3242 opinor
1495 3144 1565 3217 hac

170 3285 288 3358 prava
314 3259 468 3333 lectione
487 3257 618 3358 Cyrilli
643 3258 768 3353 fretus,
785 3259 942 3334 eundem
971 3259 1082 3334 fuisse
1108 3261 1206 3336 hunc
1223 3263 1463 3338 Nicodemum
1480 3289 1565 3339 cum

171 3382 316 3455 Nicone
335 3381 371 3454 in
388 3379 496 3453 titulo
514 3401 639 3454 ccv111.
653 3381 684 3454 6.
698 3393 904 3454 memorato.

550 3579 697 3654 Fascio.
715 3579 742 3652 I.
770 3581 852 3654 Tm.
870 3581 1021 3654 XXIV.
1040 3581 1063 3654 f.
1089 3607 1122 3680 p.
1142 3584 1199 3656 96.

251 3735 384 3806 Exstat
399 3733 495 3806 inter
511 3729 753 3807 Btckhiauos‘
772 3754 821 3804 ex
843 3729 972 3804 iisdem
990 3729 1197 3803 auctoribus
1215 3751 1298 3802 cum
1318 3734 1328 3802 Ι
1348 3732 1565 3831 postscripto

169 3853 250 3927 fere
268 3865 476 3926 constanter
492 3851 632 3924 omisso.
684 3850 783 3924 Huic
799 3873 957 3923 marmor
973 3848 1180 3946 refragatur.
1245 3847 1319 3924 Sed
1337 3849 1452 3947 pluris
1469 3853 1567 3928 valet

170 3973 381 4048 meminisse
398 3971 498 4069 quod
520 3971 559 4044 in
575 3995 609 4043 v.
627 3974 656 4042 1.
674 3968 764 4067 legit
789 3994 822 4041 v.
844 3967 878 4040 d.
904 3974 1464 4059 ΔΙΑΤΑΓΕΙΣΑΙΔΙΑΓΝΩΜΗ,
1481 3997 1565 4046 cum

169 4092 470 4192 interpretatione
488 4089 706 4184 duriuscule,
724 4089 887 4165 sententia
900 4089 1052 4190 propria
1069 4091 1261 4164 cantitata.
1313 4090 1446 4164 Parum
1463 4093 1565 4166 intel-

210 4291 311 4350 ⁴¹vu.
337 4308 368 4350 11.
392 4311 419 4369 p.
443 4293 510 4351 ssa.
537 4310 566 4348 n.
588 4293 675 4351 3545.
702 4244 762 4348 uu
778 4289 846 4349 viae
935 4289 1175 4350 ‘mianum

169 4393 300 4451 Lemma.
