3956 5248
435 589 497 654 386
979 585 1271 654 AUOTARIUM.
1385 587 1827 670 [resonemus-oum.

439 774 512 839 vide
538 771 706 838 Pliniumss.
753 771 943 859 Explicatur
966 771 1062 838 fuisse
1084 771 1226 838 aediliciis
1250 771 1482 861 superpositum
1507 773 1541 838 in
1566 774 1666 862 galeri
1691 775 1827 852 formam,

439 880 503 944 fere
518 879 671 965 quodnos
686 877 829 955 dicimus,
845 901 866 940 a
880 878 995 964 crapola.
1039 875 1178 942 Videtur
1192 875 1244 964 agi
1259 875 1299 942 de
1314 875 1406 943 Odeo
1421 877 1682 966 Philadelpheno.
1728 880 1826 956 Certe,

441 1000 478 1050 ut
491 983 757 1050 notatBiickhius
772 1005 814 1048 ex
829 983 899 1049 loco
915 981 1102 1059 Pausaniael,
1117 982 1185 1048 haec
1198 982 1391 1050 theatrorum
1411 983 1625 1052 additamenta
1639 985 1828 1052 vocabantur

442 1103 474 1156 et
488 1089 555 1178 ipsa
571 1089 739 1176 aliquando
753 1089 883 1156 theatra.

511 1199 562 1262 19.
584 1193 774 1272 Ἐπιδώτας,
788 1197 879 1272 dona,
895 1195 1079 1281 [crpitionee.
1124 1195 1198 1260 Non
1218 1217 1343 1262 necesse
1364 1209 1420 1275 est,
1439 1219 1511 1263 cum
1531 1195 1700 1274 Frnnokio,
1721 1221 1826 1264 rocem

440 1301 534 1366 nimis
559 1323 709 1388 premere.
753 1300 839 1368 Vide
861 1300 1036 1367 Demosth.¹
1060 1302 1232 1390 Ἐγένοντο
1256 1308 1301 1380 εἰς
1327 1301 1472 1391 Εὔβοιον
1488 1301 1736 1390 ἐπιδόσειοπορ
1759 1307 1826 1388 ὑμῖν

441 1413 570 1494 πρῶτοι.
615 1406 710 1487 Dsi'n,
730 1407 765 1472 in
779 1433 809 1474 v.
833 1432 925 1496 prox.
941 1409 1091 1476 dicuntur
1116 1415 1261 1500 χρήματα
1287 1415 1434 1482 σιτωνικᾶ
1456 1425 1495 1476 ut
1516 1423 1609 1476 antea
1628 1411 1663 1476 in
1677 1431 1761 1476 ctrx.
1778 1413 1824 1476 11.

442 1519 639 1603 procurrunt,
656 1515 716 1580 viz.
739 1517 787 1584 rte
806 1517 980 1604 eorm-firm,
1006 1518 1054 1584 ute
1066 1517 1296 1607 Germia-fiand.
1341 1519 1511 1607 compares
1524 1541 1579 1583 vv.
1597 1519 1648 1583 12.
1663 1542 1701 1584 ss.
1725 1528 1773 1588 rol
1792 1527 1826 1606 τῇ

445 1627 593 1709 κρατίστῃ
603 1619 723 1710 βουλῇ,
739 1633 798 1686 eto.
810 1621 858 1687 tit.
874 1620 998 1688 Beckh.
1013 1643 1045 1688 n.
1058 1622 1151 1687 3417.
1168 1623 1197 1688 8.
1213 1645 1253 1688 ss.
1280 1622 1360 1690 Voo.
1373 1621 1545 1709 Συνέδρων
1556 1622 1590 1688 in
1601 1645 1631 1688 v.
1644 1625 1695 1688 24.
1705 1637 1826 1711 usurpat

446 1727 510 1792 Dio
525 1727 565 1792 de
583 1726 615 1792 S.
626 1725 665 1790 R.
680 1725 812 1812 loquens
826 1725 860 1791 in
876 1747 969 1792 xt111.
983 1727 1032 1791 18.
1048 1725 1104 1794 fin.

506 1833 556 1896 28.
579 1831 659 1918 Ἱερὰ
675 1831 773 1920 φυλή.
818 1829 963 1917 Epitheti
978 1852 1085 1894 sensus
1099 1829 1278 1917 explicatur
1291 1853 1385 1918 supra
1398 1831 1432 1896 in
1447 1846 1510 1898 not.
1527 1831 1574 1897 tit.
1586 1853 1684 1898 suu.
1703 1836 1729 1898 1.

1031 2041 1242 2109 CLXXVII.

504 2195 533 2255 2.
557 2197 629 2269 Δίς.
660 2190 722 2258 Oui
738 2205 826 2280 pater
840 2189 901 2256 suit
915 2215 1053 2280 avusque
1068 2193 1279 2282 cognomines.
1310 2193 1396 2262 Vide
1410 2195 1472 2261 titt.
1484 2217 1622 2262 cnxxrrr.
1633 2217 1788 2264 cnxan.

505 2300 532 2360 7.
555 2296 733 2380 Ἀξιώμοτι,
748 2307 876 2384 propter
890 2297 1136 2364 adrumeticum
1147 2295 1199 2362 vel
1213 2297 1398 2384 olyntum,
1417 2297 1483 2364 soil.
1498 2299 1736 2386 magistratuum
1752 2323 1819 2388 quos

440 2416 583 2492 gesserat.
621 2403 785 2469 Demosth.
807 2403 868 2481 ‘nc
891 2399 923 2472 δὲ
948 2407 985 2473 τὸ
1014 2416 1070 2484 τῆς
1098 2405 1224 2482 πόλεως
1250 2401 1372 2490 &Elousa
1394 2403 1512 2494 λαβὼν
1538 2406 1665 2494 ἆφῙκετο
1686 2413 1730 2486 εἷς
1753 2413 1818 2484 τοὺς

437 2514 693 2602 Ἀμφικτύονοςὶ,
712 2525 771 2578 etc.
816 2514 882 2588 Τὰς
900 2509 932 2579 δὲ
956 2514 1066 2588 κοινὰς
1079 2515 1277 2599 προαιρέσεις
1292 2514 1336 2587 εἰς
1350 2513 1387 2578 τὰ
1402 2517 1466 2579 τῶν
1481 2513 1656 2597 προγόνων
1671 2511 1817 2590 ittonam

440 2617 712 2708 ἆποβλέποντοςι,
732 2631 790 2683 eto.
836 2619 881 2685 Τὸ
907 2615 939 2686 δὲ
962 2622 1027 2685 τῶν
1047 2615 1219 2705 ἐλευθέρων
1238 2623 1398 2703 γυναικῶν
1418 2615 1539 2702 ἀξίωμα
1559 2621 1603 2694 εἷς
1624 2621 1684 2696 τὰς
1707 2623 1817 2704 1το1ρος

442 2751 485 2792 sc.
510 2727 524 2754 ‘⁹
547 2737 604 2795 ⁵1⁰¹.

505 2725 554 2898 11.
578 2838 644 2913 Τὴν
658 2835 786 2920 πρώτην
801 2859 868 2916 στρ.
914 2828 1015 2895 Erant
1035 2828 1107 2894 ideo
1129 2827 1243 2916 plures,
1263 2841 1301 2892 ut
1315 2827 1487 2905 archontes,
1510 2826 1555 2891 sio
1572 2827 1710 2914 strategi.
1736 2827 1816 2894 Oonf.

442 2943 559 3011 Fascio.
575 2967 623 3032 pr.
634 2943 696 3008 titt.
713 2963 786 3006 xrx.
801 2962 859 3006 xx.
875 2951 908 3005 et
922 2939 1032 3006 citatos
1046 2962 1089 3006 ex
1101 2937 1217 3004 Merm.
1229 2937 1336 3004 Oxou.
1352 2949 1385 3002 et
1401 2936 1497 3024 Spon.
1510 2959 1584 3000 cum
1598 2936 1697 3024 epigr.
1708 2958 1814 3001 numm.

439 3053 478 3117 ab
494 3049 678 3116 Eekhelior.
723 3048 845 3114 Pariter
859 3045 893 3112 in
909 3047 958 3112 tit.
974 3046 1074 3133 inscq.
1092 3044 1229 3133 (opinor,
1245 3045 1279 3109 in
1294 3043 1403 3110 eadem
1418 3042 1523 3131 serie),
1540 3067 1569 3108 v.
1582 3043 1613 3107 8.
1640 3133 1644 3144 ¹

1023 3262 1249 3330 CLXXVIII.

507 3421 545 3484 9:
557 3417 637 3505 Ἱερὰ
654 3417 750 3506 φυλή.
796 3416 1032 3502 Supr.or.xxv1.
1050 3415 1101 3479 28.
1119 3431 1217 3478 cnxu.
1234 3413 1264 3476 1.

1043 3599 1237 3667 CLXXIX.

506 3750 534 3813 3.
557 3745 750 3834 Ἀρτέμιδος.
796 3745 991 3822 Declaratur,
1018 3757 1055 3809 ut
1083 3743 1204 3832 saepius,
1228 3745 1339 3833 religio
1366 3744 1497 3810 Diona:
1529 3744 1623 3809 (lons.
1651 3767 1732 3832 supr.
1755 3755 1812 3805 not.

441 3873 573 3921 chxvr.
587 3854 617 3919 3.
674 3851 714 3917 In
730 3877 761 3917 v.
775 3855 806 3916 1.
823 3851 945 3939 conjeci
960 3851 993 3917 in
1008 3851 1192 3918 minusculis
1206 3875 1321 3918 nomen
1336 3853 1493 3929 Manilius,
1510 3851 1597 3938 quod
1608 3852 1682 3920 alibi
1698 3849 1812 3916 obvium

473 4075 485 4109 ι
502 4067 563 4115 Libr.
576 4078 664 4116 xxxvi.
678 4068 717 4113 le.
729 4067 751 4113 8.
1191 4063 1202 4098 ¹¹
1220 4065 1284 4114 Orat.
1297 4066 1325 4112 de
1337 4065 1420 4114 Ceron.
1431 4079 1454 4126 p.
1466 4066 1522 4114 277.
1534 4067 1556 4112 3.
1570 4065 1598 4112 R.

475 4153 564 4205 '’libr.
584 4169 600 4204 1.
620 4157 642 4204 6.
660 4157 682 4203 6.
700 4155 751 4202 Τοῦ
769 4149 879 4217 θεάτρου
896 4148 929 4210 δὲ,
950 4152 964 4198 ὃ
984 4150 1108 4200 καλοῦσιν
1193 4147 1199 4181 ¹
1220 4150 1277 4198 lbld.
1289 4165 1312 4212 p.
1325 4152 1412 4200 2964.
1423 4151 1452 4198 R.

441 4240 539 4306 ᾠδεῖον,
549 4248 592 4290 ete.
1192 4241 1209 4267 ¹¹
1221 4236 1286 4284 Orat.
1298 4235 1359 4283 adv.
1371 4235 1447 4284 Nem.
1458 4249 1480 4296 p.
1492 4237 1561 4284 1384.
1575 4237 1597 4282 3.
1610 4236 1638 4283 R.

473 4323 480 4357 ¹
498 4326 576 4375 Contr.
585 4326 642 4373 1116.
652 4341 676 4386 p.
684 4327 738 4374 666.
749 4326 788 4372 13.
798 4324 826 4372 P.
837 4323 903 4372 conr.
912 4323 976 4372 ona
985 4323 1020 4370 De
1028 4323 1108 4371 coron
1192 4327 1204 4352 ¹
1221 4321 1299 4369 Doctr.
1307 4327 1358 4369 etc..
1370 4321 1416 4369 vol.
1425 4333 1460 4368 tv.
1470 4335 1507 4380 pp
1522 4323 1575 4369 195.
1588 4335 1605 4367 a

440 4427 464 4473 p.
472 4413 527 4460 165.
539 4413 576 4460 19.
