3952 5238
430 575 492 640 296
976 568 1265 638 AUCTARIUM.
1544 573 1814 654 [ruscu.n1x.,nx.

429 761 575 825 Poteram
598 756 711 823 addere
730 755 964 834 Ambarchiam‚
989 757 1176 822 reclamante
1195 771 1301 822 tamen
1327 756 1507 836 Eulaeum,
1533 759 1745 837 Arabarclreu,
1765 763 1816 826 sed

428 869 611 953 σατυρικὼς,
633 863 774 929 babemus
788 865 873 951 apud
886 861 1086 929 Juvenalenh.
1133 863 1233 949 Atqui
1247 863 1281 928 in
1296 863 1388 930 titulo
1403 886 1498 949 quem
1513 863 1661 951 descripsi
1683 863 1751 952 ipae
1772 889 1813 932 ex

428 976 546 1042 colosso
558 973 740 1040 Thebarum
751 972 893 1062 legimus,
912 970 1167 1040 ΚΛΑΥΔΙΟΣ.
1180 970 1372 1041 ΕΜΙΛΙΟΣ
1386 1017 1396 1038 .
1409 970 1699 1041 ΑΡΑΒΑΡΧΗΣ.
1714 973 1806 1040 ΚΑΙ.

430 1082 724 1153 ΕΠΙΣΤΡΑΤΗΓ
724 1082 791 1151 ΟΣ
805 1129 814 1148 .
831 1081 1093 1152 ΘΗΒΑΙΔΟΣ.
1144 1086 1253 1152 Restat
1264 1085 1453 1164 Cretarchia,
1469 1085 1509 1152 de
1523 1110 1587 1173 qua
1602 1087 1813 1173 conjecturam

428 1193 508 1258 inivi
523 1193 557 1258 in
571 1205 646 1259 nota
660 1192 700 1257 ad
713 1191 761 1258 tit.
778 1213 865 1258 xuvr.
878 1193 907 1256 8.
923 1215 1006 1280 supr.

493 1299 638 1365 Edocent
662 1299 790 1364 demum
814 1297 907 1363 tituli¹
928 1311 961 1365 et
985 1297 1117 1365 feminas
1145 1297 1329 1364 illustriores
1351 1297 1575 1364 Asiarchatum
1597 1299 1737 1387 gessisse,
1761 1312 1812 1366 aut

427 1406 536 1472 saltem
552 1416 729 1491 assequutaa
742 1402 836 1468 fuisse
851 1401 987 1469 nominis
1006 1401 1203 1492 dignitatem.
1249 1401 1321 1468 Hoc
1336 1401 1504 1490 opulentia
1518 1427 1626 1469 aarum
1640 1403 1810 1482 tribuerim,

427 1537 510 1591 nam,
525 1527 562 1579 ut
575 1511 656 1592 dixi,
672 1511 712 1578 ad
726 1511 927 1596 exsequenda
949 1509 1139 1597 hujusmodi
1149 1533 1280 1576 munera
1293 1531 1389 1575 censu
1403 1509 1533 1577 minime
1547 1509 1724 1598 spernendo
1735 1533 1811 1598 opus

427 1633 502 1685 erat.
546 1619 678 1706 Nempe,
704 1616 804 1683 facilis
824 1617 957 1704 jactura.
1001 1615 1057 1682 Ad
1081 1629 1220 1682 mentem
1242 1614 1410 1682 femineam
1434 1616 1694 1682 commovendam
1717 1641 1810 1704 quam

427 1737 640 1814 comparatum
660 1722 811 1809 estquod
835 1721 965 1789 tradidit
978 1721 1184 1802 Pancircllua,
1203 1721 1355 1790 Coronam
1376 1745 1502 1789 aureum
1524 1724 1558 1788 iu
1579 1725 1685 1811 capric,
1709 1735 1810 1809 toyum

427 1851 505 1892 auro
525 1849 725 1914 purpuraque
752 1827 904 1902 iueuam,
930 1824 962 1888 ti
989 1827 1152 1891 matriolas
1177 1825 1359 1910 praeabum&
1414 1825 1537 1892 Similia
1561 1825 1808 1915 Chrysostomus.

427 1930 617 1998 Tertulliani
642 1931 738 1998 verba
762 1931 862 2009 sunt¹3
889 1930 1042 2020 Purpura
1065 1931 1121 1996 rua
1148 1943 1176 1998 et
1204 1955 1315 1996 aurum
1340 1933 1457 1998 cervicis
1480 1945 1688 2000 oruamentum
1712 1937 1810 2000 codem

425 2039 605 2125 moreapud
619 2035 787 2124 AEyypn'os
805 2035 1173 2122 uBacyloniostuiqnta
1186 2049 1271 2102 eunt
1284 2039 1447 2123 dipru‘lutis,
1463 2061 1617 2124 quom
1635 2062 1808 2128 nuucpru

425 2159 511 2212 reeta
524 2146 569 2211 vel
581 2144 692 2210 uubeoe
705 2143 750 2209 uel
765 2142 912 2230 palmata
926 2154 952 2207 et
965 2163 1082 2207 mrorroe
1094 2163 1194 2208 aurea
1202 2143 1387 2208 mum
1395 2143 1638 2230 prorriuairlium.
1685 2143 1809 2232 Sprevit

425 2275 498 2318 sane
512 2250 676 2340 ingenium
690 2247 842 2316 muliebre
857 2271 920 2337 prae
934 2246 1070 2337 phaleris
1084 2253 1266 2337 argentim!

492 2355 552 2440 (6.)
577 2353 770 2442 Νομοθέτου.
824 2351 950 2420 Nomen
975 2351 1015 2418 de
1044 2350 1155 2440 politia
1179 2349 1426 2418 Atheniensium
1450 2351 1651 2442 desumptum
1677 2379 1807 2442 quorum

426 2460 626 2527 Nomothetae
651 2469 741 2528 erant
772 2457 827 2546 qui
853 2459 938 2548 leges
967 2457 1008 2524 ad
1028 2479 1164 2524 examen
1190 2458 1389 2538 revocabant,
1418 2457 1637 2548 habebantque
1663 2461 1807 2530 Oratores

425 2569 594 2656 (ῥήτορας)
622 2566 786 2653 adjunctos
810 2564 851 2631 ad
872 2588 965 2653 opem
987 2564 1021 2630 in
1045 2563 1219 2630 ministerio
1244 2563 1436 2632 ferendam.
1480 2565 1559 2632 Tale
1586 2566 1664 2653 quid
1687 2569 1728 2636 da
1750 2569 1807 2636 hoc

424 2696 554 2739 munere
565 2671 807 2762 Aphrodisiensi
823 2670 978 2758 conjicere
989 2670 1074 2751 licet,
1083 2669 1254 2759 praesertim
1269 2693 1368 2757 quum
1381 2683 1415 2738 et
1423 2669 1575 2740 Rhetcrea
1587 2673 1672 2761 apud
1686 2697 1740 2742 eos
1754 2699 1806 2742 ex·

423 2779 536 2844 stitisse
550 2779 702 2844 habemus
715 2777 811 2844 fidem
825 2777 1081 2844 marmorariam¹³.
1111 2776 1161 2844 Da
1172 2799 1265 2842 sensu
1275 2775 1478 2864 exquisitiore
1493 2779 1578 2845 vocis
1592 2778 1686 2848 silent
1699 2805 1806 2848 monu-

425 2895 541 2963 menta,
557 2895 590 2949 et
603 2881 674 2960 hoc,
689 2893 722 2948 et
737 2880 981 2948 Sherardianum
994 2881 1029 2946 in
1040 2879 1164 2947 Bbclrh.
1180 2880 1227 2948 tit.
1244 2882 1338 2946 2777.

484 2989 665 3076 Νομοθέτης
679 2989 769 3056 audit
778 2988 957 3055 Hadrianus
968 2989 1003 3054 in
1017 2988 1110 3056 titulo
1122 2988 1323 3079 Megarenai⁰‚
1337 2989 1393 3056 sed
1407 2989 1529 3058 diverso
1543 3013 1643 3072 sensu,
1659 2994 1804 3062 nimirum

426 3095 480 3182 qui
494 3095 580 3185 leges
594 3093 730 3162 sodalitii
743 3117 809 3160 non
822 3107 888 3160 tam
902 3093 1068 3183 castigavit
1080 3117 1174 3182 quam
1186 3093 1357 3162 constituit.

483 3203 542 3286 (7.)
566 3201 792 3290 Συγκλητικόν.
835 3199 922 3267 Vide
936 3213 1001 3268 not.
1016 3225 1099 3290 supr.
1108 3221 1202 3268 mn.
1218 3203 1247 3268 9.

1084 3393 1158 3460 Lx.

482 3521 511 3584 2.
529 3522 659 3588 Mluvc.
673 3518 798 3586 Nomen
808 3543 873 3586 non
881 3519 1072 3608 reperiturin
1083 3519 1220 3586 nummis
1229 3519 1803 3602 abuokhelioenumoratiesedinhn·

424 3629 637 3696 tiochensibus
654 3629 766 3696 vicinia
784 3630 909 3698 obviam
928 3629 1080 3698 habemus
1096 3630 1290 3720 epigraphen
1313 3627 1802 3705 ΜΥωΝΟΟ.οΥΝΑΡΧΙΑν.

482 3732 671 3802 Perhibetur
693 3735 773 3826 Myo
802 3749 907 3802 noster
928 3735 1012 3803 filius
1041 3735 1207 3826 adoptivus
1236 3736 1361 3827 Agelai,
1390 3737 1446 3805 sed
1477 3763 1534 3829 per
1564 3745 1803 3830 generationem,

457 3953 470 3988 t
486 3945 534 3995 Ubi
544 3959 606 4006 supr.
617 3947 704 4007 p208.
716 3961 737 3995 a

458 4027 564 4079 *sun
579 4030 632 4076 180.

458 4109 464 4146 ¹
486 4115 532 4163 Ex.
549 4129 569 4162 e
588 4113 657 4163 Teius
677 4113 729 4161 ina.
751 4127 840 4164 curru.
885 4116 977 4180 Smyrn
991 4131 1090 4168 cxcvrr.

424 4198 1090 4266 fimumpemmlmmgarabathlarcsllaiusmym
1174 4207 1802 4284 vsuueaprcs.lttmuc⁴1.votr.usra

425 4299 485 4335 cm
1141 4293 1248 4341 21072.

458 4365 559 4416 em,
571 4365 999 4428 motionulcommsutmcv·
1175 4375 1538 4444 »bassumpunt
