3992 5240
371 601 373 608 κ
438 565 479 630 94
842 556 1197 626 INSCRIPTIONES
1220 557 1412 626 GRAECAE.
1476 557 1825 647 [moenem—our.

515 747 680 824 CXVII.
709 745 855 821 Titulus
872 771 921 821 ex
937 745 1044 821 theca
1060 745 1252 844 sepulcrali
1268 771 1351 846 quae
1369 745 1513 824 Skiuroe
1528 746 1656 836 fuerat,
1667 750 1829 850 conjugis

440 869 500 943 vel
516 867 601 942 filiae
619 865 846 966 Lycomedis.

517 987 701 1064 CXVIII.
729 986 877 1060 Titulus
904 984 952 1059 de
979 985 1102 1060 loculo
1133 985 1325 1084 sepulcrali
1351 987 1485 1062 Leonis
1502 988 1692 1086 cujusdam
1710 991 1770 1064 cui
1786 993 1830 1066 vi·

441 1109 549 1182 detur
559 1118 685 1180 atavus
697 1103 809 1180 fuisse
823 1104 1009 1181 Stibarius.
1048 1103 1121 1180 Sed
1134 1129 1201 1202 pro
1213 1104 1284 1182 hoo
1296 1103 1446 1180 fortasse
1459 1107 1653 1206 legendum
1667 1108 1830 1196 Tiberius,

440 1255 523 1304 nam
540 1230 670 1304 litterae
686 1253 789 1326 paene
805 1217 1048 1302 evanuerant.

676 1547 820 1624 CXIX.
847 1571 876 1620 e.
1411 1545 1534 1622 CXX
1561 1544 1584 1618 s.

582 1667 975 1804 :nantonensi
1258 1725 1657 1802 eonsummatos

583 1837 894 1916 tarnum:
1260 1839 1738 1914 ouwsrxreorrts

639 1943 885 2036 τοιΝΗῑ-Ι·
1327 1951 1613 2026 ετογουτοῑ

487 2155 516 2204 e.
545 2117 798 2220 Σωμοτοθήκη
819 2117 1060 2204 Κασίλοντοο
1161 2125 1184 2200 s.
1213 2116 1321 2219 Θήκη
1338 2121 1557 2200 Καστιαυοῦ
1576 2125 1644 2198 τοῦ
1659 2118 1828 2212 Λουκίου,

700 2252 851 2355 Τρίυης.
1273 2247 1355 2331 καθ
1377 2252 1569 2332 υἱοθεσίαν
1588 2247 1629 2330 δὲ
1649 2295 1665 2308 -
1688 2297 1702 2310 -
1725 2297 1739 2310 ·

517 2445 661 2520 CXIX.
689 2440 837 2515 Titulus
854 2439 1064 2538 sepulcralis
1081 2464 1130 2515 ex
1146 2439 1253 2516 theca
1270 2439 1465 2516 Casilontis
1483 2441 1615 2514 Triuae.

516 2565 641 2640 CXX.
669 2560 817 2637 Titulus
847 2559 1057 2658 sepulcralis
1080 2585 1129 2634 ex
1155 2559 1261 2635 theos
1284 2559 1445 2637 Castiani
1473 2561 1537 2656 qui
1553 2558 1700 2636 videtur
1724 2559 1828 2634 fuisse

440 2687 537 2763 filius
555 2683 576 2760 ὁ
597 2674 759 2787 φυσικὸς
776 2685 892 2776 Lucii,
910 2685 975 2760 sed
991 2710 1057 2785 per
1073 2685 1305 2786 adoptionem
1328 2687 1475 2761 alterius
1502 2687 1607 2784 cujus
1634 2711 1768 2762 nomen
1783 2687 1829 2759 in-

439 2807 586 2904 genium
602 2830 724 2881 meum
737 2805 862 2881 eludit
897 2805 1009 2881 Edidi
1026 2805 1121 2880 sicut
1136 2807 1231 2881 inter
1243 2806 1467 2880 Borrelliane
1483 2805 1612 2904 reperi,
1628 2805 1829 2902 mundoque

439 2927 672 3026 peritioribus
689 2937 732 3002 ut
746 2926 897 3000 meliora
914 2925 1132 3024 excogitent.
1183 2923 1464 3000 Decussationes
1480 2924 1520 2998 in
1536 2949 1594 3000 vv,
1614 2926 1646 3000 1.
1659 2927 1692 3000 2.
1711 2925 1829 3001 obvias

440 3048 697 3146 conspeximus
712 3046 751 3122 in
767 3045 1130 3145 Aphrodisiensibus,
1147 3069 1207 3120 nn.
1220 3067 1325 3120 nuru.
1344 3067 1446 3122 nxvr.

1036 3373 1181 3452 CXXI
1207 3399 1240 3476 g.

776 3573 1503 3655 ΘΗΚΗΖΗΝΝΝΠΕΠΥΕΤΠΑΝΠΥ

559 3452 570 3498 r

858 3750 966 3857 Θήκη
988 3751 1162 3856 Ζήνωνος
1180 3754 1421 3836 Οὖεττιονοῦ.

517 3964 663 4040 Titulus
679 3963 726 4040 de
742 3964 849 4041 theca
866 3963 1061 4066 sepulcrali
1078 3965 1236 4042 Zenonis
1253 3967 1318 4065 qui
1334 3968 1499 4044 Vettiani
1515 3967 1611 4046 filius
1628 3971 1716 4046 erat'

501 4240 593 4299 dHic
615 4251 646 4300 et
672 4257 757 4300 cxix.
772 4259 814 4318 sq.
828 4239 907 4300 inter
920 4242 1025 4301 titulos
1044 4241 1280 4306 Chriuisuorum
1298 4247 1474 4318 accensendi,
1488 4255 1526 4306 ut
1547 4267 1585 4308 ax
1606 4248 1737 4328 symbolo
1758 4265 1832 4310 sacro

443 4349 564 4400 conam.
