<?xml version="1.0" encoding="UTF-8"?>
<!DOCTYPE html PUBLIC "-//W3C//DTD XHTML 1.0 Transitional//EN"
    "http://www.w3.org/TR/xhtml1/DTD/xhtml1-transitional.dtd">
<html xmlns="http://www.w3.org/1999/xhtml" xml:lang="en" lang="en">
 <head>
  <title>
</title>
<meta http-equiv="Content-Type" content="text/html;charset=utf-8" />
  <meta name='ocr-system' content='tesseract 3.04.00' />
  <meta name='ocr-capabilities' content='ocr_page ocr_carea ocr_par ocr_line ocrx_word'/>
</head>
<body>
  <div class='ocr_page' id='page_1' title='image "./fasciculusinscr01kenngoog_0040.png"; bbox 0 0 4004 5264; ppageno 0'>
   <div class='ocr_carea' id='block_1_1' title="bbox 177 581 1041 670">
    <p class='ocr_par' dir='ltr' id='par_1_1' title="bbox 177 581 1041 670">
     <span class='ocr_line' id='line_1_1' title="bbox 177 581 1041 670; baseline 0.008 -26"><span class='ocrx_word' id='word_1_1' title='bbox 177 581 448 670; x_wconf 75' lang='lat' dir='ltr'>rascu.t1v.,nv.]</span> <span class='ocrx_word' id='word_1_2' title='bbox 606 583 609 588; x_wconf 86' lang='grc'><strong>’</strong></span> <span class='ocrx_word' id='word_1_3' title='bbox 715 582 1041 651; x_wconf 82' lang='lat' dir='ltr'>APHRODISIAS.</span> 
     </span>
    </p>
   </div>
   <div class='ocr_carea' id='block_1_2' title="bbox 178 851 1570 1762">
    <p class='ocr_par' dir='ltr' id='par_1_2' title="bbox 178 851 984 961">
     <span class='ocr_line' id='line_1_2' title="bbox 178 851 984 961; baseline 0 -25"><span class='ocrx_word' id='word_1_4' title='bbox 178 856 236 936; x_wconf 78' lang='lat' dir='ltr'>xci</span> <span class='ocrx_word' id='word_1_5' title='bbox 256 852 535 960; x_wconf 85' lang='grc' dir='ltr'>μετηλλαχότα·</span> <span class='ocrx_word' id='word_1_6' title='bbox 595 851 785 959; x_wconf 86' lang='grc' dir='ltr'>Δεδόχθαι</span> <span class='ocrx_word' id='word_1_7' title='bbox 814 858 984 961; x_wconf 79' lang='grc' dir='ltr'>τῇΒουλ</span> 
     </span>
    </p>

    <p class='ocr_par' dir='ltr' id='par_1_3' title="bbox 178 987 1570 1762">
     <span class='ocr_line' id='line_1_3' title="bbox 178 987 1569 1095; baseline 0.004 -26"><span class='ocrx_word' id='word_1_8' title='bbox 178 994 237 1070; x_wconf 81' lang='grc' dir='ltr'>καὶ</span> <span class='ocrx_word' id='word_1_9' title='bbox 270 987 551 1094; x_wconf 84' lang='grc' dir='ltr'>μετηλλαχότα,</span> <span class='ocrx_word' id='word_1_10' title='bbox 572 992 748 1090; x_wconf 82' lang='grc' dir='ltr'>Εὔδαμον</span> <span class='ocrx_word' id='word_1_11' title='bbox 769 993 955 1087; x_wconf 86' lang='grc' dir='ltr'>Καλλίου,</span> <span class='ocrx_word' id='word_1_12' title='bbox 986 1000 1053 1072; x_wconf 83' lang='grc' dir='ltr'>τοῦ</span> <span class='ocrx_word' id='word_1_13' title='bbox 1086 990 1269 1092; x_wconf 83' lang='grc' dir='ltr'>Ζήνωνος,</span> <span class='ocrx_word' id='word_1_14' title='bbox 1295 1001 1361 1072; x_wconf 84' lang='grc' dir='ltr'>τοῦ</span> <span class='ocrx_word' id='word_1_15' title='bbox 1381 993 1569 1095; x_wconf 80' lang='grc' dir='ltr'><em>Εὐδάμου,</em></span> 
     </span>
     <span class='ocr_line' id='line_1_4' title="bbox 180 1117 1570 1230; baseline 0.009 -30"><span class='ocrx_word' id='word_1_16' title='bbox 180 1123 324 1200; x_wconf 91' lang='grc' dir='ltr'>νεανίαν</span> <span class='ocrx_word' id='word_1_17' title='bbox 345 1117 462 1200; x_wconf 79' lang='grc' dir='ltr'>καλὸν</span> <span class='ocrx_word' id='word_1_18' title='bbox 481 1123 541 1200; x_wconf 83' lang='grc' dir='ltr'>καὶ</span> <span class='ocrx_word' id='word_1_19' title='bbox 562 1117 717 1222; x_wconf 84' lang='grc' dir='ltr'>ἀγαθόν,</span> <span class='ocrx_word' id='word_1_20' title='bbox 739 1119 906 1224; x_wconf 82' lang='grc' dir='ltr'>ζήσαντα</span> <span class='ocrx_word' id='word_1_21' title='bbox 926 1123 1090 1224; x_wconf 78' lang='grc' dir='ltr'>κοσμίως</span> <span class='ocrx_word' id='word_1_22' title='bbox 1104 1125 1164 1202; x_wconf 84' lang='grc' dir='ltr'>καὶ</span> <span class='ocrx_word' id='word_1_23' title='bbox 1180 1120 1386 1229; x_wconf 76' lang='grc' dir='ltr'>σωφρόνως</span> <span class='ocrx_word' id='word_1_24' title='bbox 1401 1131 1461 1206; x_wconf 82' lang='grc' dir='ltr'>καὶ</span> <span class='ocrx_word' id='word_1_25' title='bbox 1475 1125 1570 1230; x_wconf 82' lang='grc' dir='ltr'>πρὸς</span> 
     </span>
     <span class='ocr_line' id='line_1_5' title="bbox 179 1251 1568 1362; baseline 0.008 -30"><span class='ocrx_word' id='word_1_26' title='bbox 179 1251 385 1354; x_wconf 79' lang='grc' dir='ltr'>ὑπόδειγμα</span> <span class='ocrx_word' id='word_1_27' title='bbox 403 1255 548 1356; x_wconf 80' lang='grc' dir='ltr'>ἀρετῆς,</span> <span class='ocrx_word' id='word_1_28' title='bbox 569 1259 648 1336; x_wconf 83' lang='grc' dir='ltr'>ταῖς</span> <span class='ocrx_word' id='word_1_29' title='bbox 675 1255 901 1339; x_wconf 79' lang='grc' dir='ltr'>καλλίσταις</span> <span class='ocrx_word' id='word_1_30' title='bbox 921 1256 980 1334; x_wconf 77' lang='grc' dir='ltr'>καὶ</span> <span class='ocrx_word' id='word_1_31' title='bbox 998 1256 1195 1357; x_wconf 78' lang='grc' dir='ltr'>μεγίσταις</span> <span class='ocrx_word' id='word_1_32' title='bbox 1215 1260 1274 1336; x_wconf 85' lang='grc' dir='ltr'>καὶ</span> <span class='ocrx_word' id='word_1_33' title='bbox 1294 1256 1415 1362; x_wconf 83' lang='grc' dir='ltr'>ἀξίαις</span> <span class='ocrx_word' id='word_1_34' title='bbox 1435 1267 1568 1359; x_wconf 85' lang='grc' dir='ltr'>τιμαῖς,</span> 
     </span>
     <span class='ocr_line' id='line_1_6' title="bbox 178 1382 1570 1495; baseline 0.005 -30"><span class='ocrx_word' id='word_1_35' title='bbox 178 1391 397 1486; x_wconf 80' lang='grc' dir='ltr'>ανατεθῆναι</span> <span class='ocrx_word' id='word_1_36' title='bbox 423 1382 462 1464; x_wconf 78' lang='grc' dir='ltr'>δὲ</span> <span class='ocrx_word' id='word_1_37' title='bbox 483 1386 597 1466; x_wconf 83' lang='grc' dir='ltr'>αὐτοῦ</span> <span class='ocrx_word' id='word_1_38' title='bbox 623 1388 683 1466; x_wconf 85' lang='grc' dir='ltr'>καὶ</span> <span class='ocrx_word' id='word_1_39' title='bbox 703 1382 846 1471; x_wconf 84' lang='grc' dir='ltr'>είκόνας</span> <span class='ocrx_word' id='word_1_40' title='bbox 870 1386 1039 1492; x_wconf 86' lang='grc' dir='ltr'>γραπτὰς</span> <span class='ocrx_word' id='word_1_41' title='bbox 1059 1391 1099 1468; x_wconf 82' lang='grc' dir='ltr'>ἐν</span> <span class='ocrx_word' id='word_1_42' title='bbox 1118 1388 1252 1474; x_wconf 81' lang='grc' dir='ltr'>ὅπλοις</span> <span class='ocrx_word' id='word_1_43' title='bbox 1272 1388 1490 1495; x_wconf 76' lang='grc' dir='ltr'>ἐπιχρύσοις</span> <span class='ocrx_word' id='word_1_44' title='bbox 1510 1397 1570 1472; x_wconf 86' lang='grc' dir='ltr'>καὶ</span> 
     </span>
     <span class='ocr_line' id='line_1_7' title="bbox 178 1516 1569 1630; baseline 0.001 -27"><span class='ocrx_word' id='word_1_45' title='bbox 178 1521 397 1628; x_wconf 80' lang='grc' dir='ltr'>ἀνδριάντας</span> <span class='ocrx_word' id='word_1_46' title='bbox 416 1525 477 1602; x_wconf 87' lang='grc' dir='ltr'>καὶ</span> <span class='ocrx_word' id='word_1_47' title='bbox 496 1519 697 1623; x_wconf 83' lang='grc' dir='ltr'>ἀγάλματα</span> <span class='ocrx_word' id='word_1_48' title='bbox 717 1525 757 1602; x_wconf 83' lang='grc' dir='ltr'>ἐν</span> <span class='ocrx_word' id='word_1_49' title='bbox 777 1527 888 1627; x_wconf 80' lang='grc' dir='ltr'>ἱεροῖς</span> <span class='ocrx_word' id='word_1_50' title='bbox 908 1525 968 1601; x_wconf 88' lang='grc' dir='ltr'>καὶ</span> <span class='ocrx_word' id='word_1_51' title='bbox 988 1523 1185 1622; x_wconf 85' lang='grc' dir='ltr'>δημοσίοις</span> <span class='ocrx_word' id='word_1_52' title='bbox 1205 1517 1347 1618; x_wconf 87' lang='grc' dir='ltr'>τόποις,</span> <span class='ocrx_word' id='word_1_53' title='bbox 1364 1519 1422 1630; x_wconf 85' lang='grc' dir='ltr'>ἐφ’</span> <span class='ocrx_word' id='word_1_54' title='bbox 1439 1516 1569 1604; x_wconf 77' lang='grc' dir='ltr'>ὤνκαὶ</span> 
     </span>
     <span class='ocr_line' id='line_1_8' title="bbox 180 1648 1569 1762; baseline 0.004 -26"><span class='ocrx_word' id='word_1_55' title='bbox 180 1660 431 1762; x_wconf 82' lang='grc' dir='ltr'>ἐπιγραφῆναι</span> <span class='ocrx_word' id='word_1_56' title='bbox 461 1652 526 1738; x_wconf 84' lang='grc' dir='ltr'>τὰς</span> <span class='ocrx_word' id='word_1_57' title='bbox 558 1651 665 1759; x_wconf 84' lang='grc' dir='ltr'>ἀξίας</span> <span class='ocrx_word' id='word_1_58' title='bbox 698 1654 758 1733; x_wconf 85' lang='grc' dir='ltr'>καὶ</span> <span class='ocrx_word' id='word_1_59' title='bbox 790 1648 1055 1754; x_wconf 84' lang='grc' dir='ltr'>ἀναλογοιίσας</span> <span class='ocrx_word' id='word_1_60' title='bbox 1090 1653 1141 1759; x_wconf 80' lang='grc' dir='ltr'>τῷ</span> <span class='ocrx_word' id='word_1_61' title='bbox 1174 1651 1273 1755; x_wconf 82' lang='grc' dir='ltr'>γε’νει</span> <span class='ocrx_word' id='word_1_62' title='bbox 1303 1653 1417 1734; x_wconf 83' lang='grc' dir='ltr'>αὐτοῦ</span> <span class='ocrx_word' id='word_1_63' title='bbox 1450 1653 1569 1756; x_wconf 74' lang='grc' dir='ltr'>τιμάς,</span> 
     </span>
    </p>
   </div>
   <div class='ocr_carea' id='block_1_3' title="bbox 179 1777 1570 1894">
    <p class='ocr_par' dir='ltr' id='par_1_4' title="bbox 179 1777 1570 1894">
     <span class='ocr_line' id='line_1_9' title="bbox 179 1777 1570 1894; baseline -0.002 -26"><span class='ocrx_word' id='word_1_64' title='bbox 179 1791 429 1894; x_wconf 75' lang='grc' dir='ltr'>ἐπιγραφῆναι</span> <span class='ocrx_word' id='word_1_65' title='bbox 463 1782 503 1864; x_wconf 75' lang='grc' dir='ltr'>δὲ</span> <span class='ocrx_word' id='word_1_66' title='bbox 537 1785 650 1864; x_wconf 81' lang='grc' dir='ltr'>αὑτοῦ</span> <span class='ocrx_word' id='word_1_67' title='bbox 675 1781 740 1868; x_wconf 79' lang='grc' dir='ltr'>τὰς</span> <span class='ocrx_word' id='word_1_68' title='bbox 764 1781 871 1882; x_wconf 79' lang='grc' dir='ltr'>τιμὰς</span> <span class='ocrx_word' id='word_1_69' title='bbox 896 1785 956 1863; x_wconf 82' lang='grc' dir='ltr'>καὶ</span> <span class='ocrx_word' id='word_1_70' title='bbox 981 1785 1042 1862; x_wconf 83' lang='grc' dir='ltr'>ἐπὶ</span> <span class='ocrx_word' id='word_1_71' title='bbox 1072 1791 1139 1862; x_wconf 83' lang='grc' dir='ltr'>τοῦ</span> <span class='ocrx_word' id='word_1_72' title='bbox 1156 1784 1337 1886; x_wconf 86' lang='grc' dir='ltr'>μνημείου</span> <span class='ocrx_word' id='word_1_73' title='bbox 1356 1787 1396 1865; x_wconf 79' lang='grc' dir='ltr'>ἐν</span> <span class='ocrx_word' id='word_1_74' title='bbox 1415 1777 1444 1893; x_wconf 78' lang='grc' dir='ltr'><em>ᾦ</em></span> <span class='ocrx_word' id='word_1_75' title='bbox 1465 1786 1570 1887; x_wconf 84' lang='grc' dir='ltr'>κεκή-</span> 
     </span>
    </p>
   </div>
   <div class='ocr_carea' id='block_1_4' title="bbox 178 1913 1572 2420">
    <p class='ocr_par' dir='ltr' id='par_1_5' title="bbox 178 1913 1572 2420">
     <span class='ocr_line' id='line_1_10' title="bbox 180 1913 1572 2023; baseline 0.001 -24"><span class='ocrx_word' id='word_1_76' title='bbox 180 1923 315 2017; x_wconf 87' lang='grc' dir='ltr'>δευται,</span> <span class='ocrx_word' id='word_1_77' title='bbox 340 1922 678 2023; x_wconf 84' lang='grc' dir='ltr'>παραμεμυθῆσθαι</span> <span class='ocrx_word' id='word_1_78' title='bbox 709 1915 749 1997; x_wconf 74' lang='grc' dir='ltr'>δὲ</span> <span class='ocrx_word' id='word_1_79' title='bbox 779 1917 956 1998; x_wconf 88' lang='grc' dir='ltr'>Καλλίαν</span> <span class='ocrx_word' id='word_1_80' title='bbox 987 1913 1171 2020; x_wconf 90' lang='grc' dir='ltr'>Ζήνωνος,</span> <span class='ocrx_word' id='word_1_81' title='bbox 1203 1923 1270 1998; x_wconf 84' lang='grc' dir='ltr'>τοῦ</span> <span class='ocrx_word' id='word_1_82' title='bbox 1295 1917 1484 2020; x_wconf 77' lang='grc' dir='ltr'>Εὐδάμου,</span> <span class='ocrx_word' id='word_1_83' title='bbox 1510 1925 1572 2004; x_wconf 79' lang='grc' dir='ltr'>καὶ</span> 
     </span>
     <span class='ocr_line' id='line_1_11' title="bbox 178 2043 1569 2158; baseline 0 -27"><span class='ocrx_word' id='word_1_84' title='bbox 178 2049 346 2158; x_wconf 90' lang='grc' dir='ltr'>Ἀπφίαν</span> <span class='ocrx_word' id='word_1_85' title='bbox 372 2045 561 2148; x_wconf 78' lang='grc' dir='ltr'>Εὐδάμου,</span> <span class='ocrx_word' id='word_1_86' title='bbox 581 2055 649 2129; x_wconf 82' lang='grc' dir='ltr'>τοῦ</span> <span class='ocrx_word' id='word_1_87' title='bbox 669 2045 942 2152; x_wconf 79' lang='grc' dir='ltr'>Μητροδώρου,</span> <span class='ocrx_word' id='word_1_88' title='bbox 962 2043 1048 2133; x_wconf 76' lang='grc' dir='ltr'>τοὺς</span> <span class='ocrx_word' id='word_1_89' title='bbox 1078 2055 1200 2152; x_wconf 84' lang='grc' dir='ltr'>γονεῖς</span> <span class='ocrx_word' id='word_1_90' title='bbox 1229 2050 1343 2130; x_wconf 78' lang='grc' dir='ltr'>αὐτοῦ</span> <span class='ocrx_word' id='word_1_91' title='bbox 1362 2050 1491 2158; x_wconf 74' lang='grc' dir='ltr'>φέρειν</span> <span class='ocrx_word' id='word_1_92' title='bbox 1510 2054 1569 2132; x_wconf 83' lang='grc' dir='ltr'>ἀν-</span> 
     </span>
     <span class='ocr_line' id='line_1_12' title="bbox 181 2179 1572 2288; baseline 0 -24"><span class='ocrx_word' id='word_1_93' title='bbox 181 2183 369 2287; x_wconf 88' lang='grc' dir='ltr'>θρωπίνως</span> <span class='ocrx_word' id='word_1_94' title='bbox 396 2180 462 2266; x_wconf 83' lang='grc' dir='ltr'>τὰς</span> <span class='ocrx_word' id='word_1_95' title='bbox 488 2182 770 2282; x_wconf 84' lang='grc' dir='ltr'>συμβεβηκυίας</span> <span class='ocrx_word' id='word_1_96' title='bbox 802 2179 1003 2288; x_wconf 78' lang='grc' dir='ltr'>συμφορὰς</span> <span class='ocrx_word' id='word_1_97' title='bbox 1032 2183 1093 2262; x_wconf 81' lang='grc' dir='ltr'>ἐπὶ</span> <span class='ocrx_word' id='word_1_98' title='bbox 1126 2189 1204 2268; x_wconf 86' lang='grc' dir='ltr'>τοῖς</span> <span class='ocrx_word' id='word_1_99' title='bbox 1237 2182 1391 2280; x_wconf 77' lang='grc' dir='ltr'>τέκνοις,</span> <span class='ocrx_word' id='word_1_100' title='bbox 1422 2189 1500 2268; x_wconf 84' lang='grc' dir='ltr'>τοῖς</span> <span class='ocrx_word' id='word_1_101' title='bbox 1532 2183 1572 2264; x_wconf 80' lang='grc' dir='ltr'>δὲ</span> 
     </span>
     <span class='ocr_line' id='line_1_13' title="bbox 181 2309 1570 2420; baseline -0.002 -26"><span class='ocrx_word' id='word_1_102' title='bbox 181 2311 375 2419; x_wconf 78' lang='grc' dir='ltr'>ἀνδριάσιν</span> <span class='ocrx_word' id='word_1_103' title='bbox 390 2309 433 2394; x_wconf 80' lang='grc' dir='ltr'>τὸ</span> <span class='ocrx_word' id='word_1_104' title='bbox 445 2309 633 2420; x_wconf 76' lang='grc' dir='ltr'>ψήφισμα</span> <span class='ocrx_word' id='word_1_105' title='bbox 647 2313 957 2414; x_wconf 79' lang='grc' dir='ltr'>ἐπιδεδηλῶσθαι·</span> <span class='ocrx_word' id='word_1_106' title='bbox 980 2309 1283 2416; x_wconf 71' lang='grc' dir='ltr'>εἰσηγησαμένου</span> <span class='ocrx_word' id='word_1_107' title='bbox 1299 2311 1570 2417; x_wconf 82' lang='grc' dir='ltr'>Μητροδώρου·</span> 
     </span>
    </p>
   </div>
   <div class='ocr_carea' id='block_1_5' title="bbox 182 2503 1574 3446">
    <p class='ocr_par' dir='ltr' id='par_1_6' title="bbox 182 2503 1572 2844">
     <span class='ocr_line' id='line_1_14' title="bbox 254 2503 1572 2604; baseline 0 -23"><span class='ocrx_word' id='word_1_108' title='bbox 254 2507 420 2592; x_wconf 81' lang='lat' dir='ltr'>Eudami,</span> <span class='ocrx_word' id='word_1_109' title='bbox 452 2505 562 2579; x_wconf 86' lang='lat' dir='ltr'>solius</span> <span class='ocrx_word' id='word_1_110' title='bbox 597 2529 646 2578; x_wconf 86' lang='lat' dir='ltr'>ex</span> <span class='ocrx_word' id='word_1_111' title='bbox 679 2503 851 2578; x_wconf 87' lang='lat' dir='ltr'>fratribus</span> <span class='ocrx_word' id='word_1_112' title='bbox 885 2506 949 2602; x_wconf 92' lang='lat' dir='ltr'>qui</span> <span class='ocrx_word' id='word_1_113' title='bbox 978 2505 1097 2580; x_wconf 84' lang='lat' dir='ltr'>fuerat</span> <span class='ocrx_word' id='word_1_114' title='bbox 1124 2520 1314 2604; x_wconf 87' lang='lat' dir='ltr'>superstes,</span> <span class='ocrx_word' id='word_1_115' title='bbox 1352 2507 1478 2580; x_wconf 91' lang='lat' dir='ltr'>mortis</span> <span class='ocrx_word' id='word_1_116' title='bbox 1512 2507 1572 2582; x_wconf 89' lang='lat' dir='ltr'>hic</span> 
     </span>
     <span class='ocr_line' id='line_1_15' title="bbox 182 2621 1572 2724; baseline 0.003 -26"><span class='ocrx_word' id='word_1_117' title='bbox 182 2625 306 2698; x_wconf 87' lang='lat' dir='ltr'>titulus</span> <span class='ocrx_word' id='word_1_118' title='bbox 339 2627 467 2724; x_wconf 90' lang='lat' dir='ltr'>(quem</span> <span class='ocrx_word' id='word_1_119' title='bbox 495 2621 657 2696; x_wconf 83' lang='lat' dir='ltr'>indidem</span> <span class='ocrx_word' id='word_1_120' title='bbox 686 2621 879 2721; x_wconf 84' lang='lat' dir='ltr'>descripsi)</span> <span class='ocrx_word' id='word_1_121' title='bbox 904 2625 1075 2698; x_wconf 86' lang='lat' dir='ltr'>meminit.</span> <span class='ocrx_word' id='word_1_122' title='bbox 1138 2626 1202 2700; x_wconf 90' lang='lat' dir='ltr'>Ad</span> <span class='ocrx_word' id='word_1_123' title='bbox 1230 2627 1382 2701; x_wconf 88' lang='lat' dir='ltr'>eandem</span> <span class='ocrx_word' id='word_1_124' title='bbox 1409 2651 1572 2702; x_wconf 91' lang='lat' dir='ltr'>normam</span> 
     </span>
     <span class='ocr_line' id='line_1_16' title="bbox 182 2744 974 2844; baseline 0.001 -25"><span class='ocrx_word' id='word_1_125' title='bbox 182 2771 262 2820; x_wconf 92' lang='lat' dir='ltr'>cum</span> <span class='ocrx_word' id='word_1_126' title='bbox 279 2747 420 2834; x_wconf 72' lang='lat' dir='ltr'>ceteris</span> <span class='ocrx_word' id='word_1_127' title='bbox 438 2747 503 2842; x_wconf 91' lang='lat' dir='ltr'>qni</span> <span class='ocrx_word' id='word_1_128' title='bbox 519 2745 739 2844; x_wconf 86' lang='lat' dir='ltr'>praecedunt,</span> <span class='ocrx_word' id='word_1_129' title='bbox 758 2744 974 2820; x_wconf 86' lang='lat' dir='ltr'>contexitur.</span> 
     </span>
    </p>

    <p class='ocr_par' dir='ltr' id='par_1_7' title="bbox 182 2865 1574 3446">
     <span class='ocr_line' id='line_1_17' title="bbox 255 2865 1573 2966; baseline 0.002 -26"><span class='ocrx_word' id='word_1_130' title='bbox 255 2867 382 2940; x_wconf 83' lang='lat' dir='ltr'>Edidit</span> <span class='ocrx_word' id='word_1_131' title='bbox 399 2865 638 2956; x_wconf 76' lang='lat' dir='ltr'>Feilowsius‘;</span> <span class='ocrx_word' id='word_1_132' title='bbox 665 2865 807 2953; x_wconf 88' lang='lat' dir='ltr'>deinde,</span> <span class='ocrx_word' id='word_1_133' title='bbox 826 2866 1026 2958; x_wconf 81' lang='lat' dir='ltr'>secundum</span> <span class='ocrx_word' id='word_1_134' title='bbox 1053 2867 1239 2966; x_wconf 88' lang='lat' dir='ltr'>exemplar</span> <span class='ocrx_word' id='word_1_135' title='bbox 1256 2868 1344 2964; x_wconf 74' lang='lat' dir='ltr'>ejus</span> <span class='ocrx_word' id='word_1_136' title='bbox 1363 2868 1573 2944; x_wconf 74' lang='lat' dir='ltr'>Bcckhius&#39;.</span> 
     </span>
     <span class='ocr_line' id='line_1_18' title="bbox 183 2985 1574 3086; baseline 0.003 -26"><span class='ocrx_word' id='word_1_137' title='bbox 183 2989 224 3060; x_wconf 91' lang='lat' dir='ltr'>Iu</span> <span class='ocrx_word' id='word_1_138' title='bbox 242 3013 274 3060; x_wconf 86' lang='lat' dir='ltr'>v.</span> <span class='ocrx_word' id='word_1_139' title='bbox 291 2991 321 3060; x_wconf 90' lang='lat'>1.</span> <span class='ocrx_word' id='word_1_140' title='bbox 336 2987 397 3061; x_wconf 88' lang='lat' dir='ltr'>fin.</span> <span class='ocrx_word' id='word_1_141' title='bbox 417 2986 608 3083; x_wconf 80' lang='lat' dir='ltr'>discerptae</span> <span class='ocrx_word' id='word_1_142' title='bbox 624 2985 738 3086; x_wconf 86' lang='lat' dir='ltr'>magis</span> <span class='ocrx_word' id='word_1_143' title='bbox 756 3011 866 3082; x_wconf 88' lang='lat' dir='ltr'>quam</span> <span class='ocrx_word' id='word_1_144' title='bbox 883 2989 1070 3062; x_wconf 90' lang='lat' dir='ltr'>marmoris</span> <span class='ocrx_word' id='word_1_145' title='bbox 1089 2990 1176 3063; x_wconf 89' lang='lat' dir='ltr'>sorti</span> <span class='ocrx_word' id='word_1_146' title='bbox 1193 2991 1364 3063; x_wconf 90' lang='lat' dir='ltr'>convenit</span> <span class='ocrx_word' id='word_1_147' title='bbox 1381 2989 1574 3064; x_wconf 88' lang='lat' dir='ltr'>traduntur</span> 
     </span>
     <span class='ocr_line' id='line_1_19' title="bbox 182 3107 1572 3208; baseline -0.001 -24"><span class='ocrx_word' id='word_1_148' title='bbox 182 3111 362 3186; x_wconf 87' lang='lat' dir='ltr'>lectiones.</span> <span class='ocrx_word' id='word_1_149' title='bbox 400 3113 701 3208; x_wconf 78' lang='grc' dir='ltr'>Ιιι2.ρι.ΔΙΧΩ.</span> <span class='ocrx_word' id='word_1_150' title='bbox 724 3107 1153 3196; x_wconf 59' lang='lat' dir='ltr'>insinuantium.</span> <span class='ocrx_word' id='word_1_151' title='bbox 1209 3111 1329 3184; x_wconf 87' lang='lat' dir='ltr'>1n19.</span> <span class='ocrx_word' id='word_1_152' title='bbox 1348 3117 1488 3197; x_wconf 87' lang='grc' dir='ltr'>ΣΥΜΒ,</span> <span class='ocrx_word' id='word_1_153' title='bbox 1506 3123 1572 3184; x_wconf 89' lang='lat' dir='ltr'>etc.</span> 
     </span>
     <span class='ocr_line' id='line_1_20' title="bbox 182 3227 1572 3328; baseline -0.003 -22"><span class='ocrx_word' id='word_1_154' title='bbox 182 3233 386 3328; x_wconf 81' lang='lat' dir='ltr'>pariterque</span> <span class='ocrx_word' id='word_1_155' title='bbox 404 3231 442 3306; x_wconf 90' lang='lat' dir='ltr'>in</span> <span class='ocrx_word' id='word_1_156' title='bbox 460 3233 518 3305; x_wconf 79' lang='lat'>20.</span> <span class='ocrx_word' id='word_1_157' title='bbox 537 3233 681 3304; x_wconf 78' lang='grc' dir='ltr'><strong>ΣΥΜΦ.</strong></span> <span class='ocrx_word' id='word_1_158' title='bbox 722 3230 764 3302; x_wconf 93' lang='lat' dir='ltr'>In</span> <span class='ocrx_word' id='word_1_159' title='bbox 783 3231 841 3300; x_wconf 81' lang='lat'>21.</span> <span class='ocrx_word' id='word_1_160' title='bbox 853 3227 930 3302; x_wconf 88' lang='lat' dir='ltr'>init.</span> <span class='ocrx_word' id='word_1_161' title='bbox 948 3237 1029 3302; x_wconf 89' lang='grc' dir='ltr'>ΛΝ.</span> <span class='ocrx_word' id='word_1_162' title='bbox 1086 3231 1130 3302; x_wconf 87' lang='grc' dir='ltr'>Ιιι</span> <span class='ocrx_word' id='word_1_163' title='bbox 1148 3232 1209 3304; x_wconf 80' lang='lat'>22.</span> <span class='ocrx_word' id='word_1_164' title='bbox 1227 3231 1303 3303; x_wconf 93' lang='lat' dir='ltr'>init.</span> <span class='ocrx_word' id='word_1_165' title='bbox 1318 3235 1402 3306; x_wconf 86' lang='grc' dir='ltr'>ΔΟ.</span> <span class='ocrx_word' id='word_1_166' title='bbox 1422 3230 1517 3324; x_wconf 84' lang='lat' dir='ltr'>dein,</span> <span class='ocrx_word' id='word_1_167' title='bbox 1534 3233 1572 3303; x_wconf 90' lang='lat' dir='ltr'>in</span> 
     </span>
     <span class='ocr_line' id='line_1_21' title="bbox 182 3347 1471 3446; baseline -0.002 -22"><span class='ocrx_word' id='word_1_168' title='bbox 182 3353 260 3440; x_wconf 88' lang='lat' dir='ltr'>fine,</span> <span class='ocrx_word' id='word_1_169' title='bbox 282 3357 420 3426; x_wconf 88' lang='grc' dir='ltr'>ΗΗΤΡ.</span> <span class='ocrx_word' id='word_1_170' title='bbox 472 3351 677 3424; x_wconf 89' lang='lat' dir='ltr'>Literarum</span> <span class='ocrx_word' id='word_1_171' title='bbox 695 3347 833 3446; x_wconf 86' lang='lat' dir='ltr'>species</span> <span class='ocrx_word' id='word_1_172' title='bbox 851 3361 954 3420; x_wconf 87' lang='lat' dir='ltr'>erant</span> <span class='ocrx_word' id='word_1_173' title='bbox 970 3347 1008 3418; x_wconf 91' lang='lat' dir='ltr'>in</span> <span class='ocrx_word' id='word_1_174' title='bbox 1026 3347 1093 3421; x_wconf 88' lang='lat' dir='ltr'>hac</span> <span class='ocrx_word' id='word_1_175' title='bbox 1111 3361 1212 3446; x_wconf 84' lang='lat' dir='ltr'>parte</span> <span class='ocrx_word' id='word_1_176' title='bbox 1231 3350 1471 3423; x_wconf 67' lang='lat' dir='ltr'>subobscurat</span> 
     </span>
    </p>
   </div>
   <div class='ocr_carea' id='block_1_6' title="bbox 800 3565 944 3640">
    <p class='ocr_par' dir='ltr' id='par_1_8' title="bbox 800 3565 944 3640">
     <span class='ocr_line' id='line_1_22' title="bbox 800 3565 944 3640; baseline 0.007 -1"><span class='ocrx_word' id='word_1_177' title='bbox 800 3565 881 3640; x_wconf 89' lang='lat' dir='ltr'>LV.</span> <span class='ocrx_word' id='word_1_178' title='bbox 908 3592 944 3640; x_wconf 90' lang='lat' dir='ltr'>n.</span> 
     </span>
    </p>
   </div>
   <div class='ocr_carea' id='block_1_7' title="bbox 181 3731 1575 4189">
    <p class='ocr_par' dir='ltr' id='par_1_9' title="bbox 181 3731 1575 4048">
     <span class='ocr_line' id='line_1_23' title="bbox 256 3731 1573 3832; baseline 0.002 -26"><span class='ocrx_word' id='word_1_179' title='bbox 256 3735 512 3832; x_wconf 81' lang='lat' dir='ltr'>Fragmentum</span> <span class='ocrx_word' id='word_1_180' title='bbox 540 3732 676 3807; x_wconf 87' lang='lat' dir='ltr'>decreti</span> <span class='ocrx_word' id='word_1_181' title='bbox 704 3731 830 3806; x_wconf 88' lang='lat' dir='ltr'>laudes</span> <span class='ocrx_word' id='word_1_182' title='bbox 857 3733 1050 3806; x_wconf 85' lang='lat' dir='ltr'>Aristoclis</span> <span class='ocrx_word' id='word_1_183' title='bbox 1074 3731 1239 3829; x_wconf 85' lang='lat' dir='ltr'>junioris,</span> <span class='ocrx_word' id='word_1_184' title='bbox 1267 3733 1331 3828; x_wconf 93' lang='lat' dir='ltr'>qui</span> <span class='ocrx_word' id='word_1_185' title='bbox 1361 3733 1573 3821; x_wconf 86' lang='lat' dir='ltr'>decesserat,</span> 
     </span>
     <span class='ocr_line' id='line_1_24' title="bbox 182 3842 1575 3952; baseline -0.001 -26"><span class='ocrx_word' id='word_1_186' title='bbox 182 3853 394 3928; x_wconf 88' lang='lat' dir='ltr'>celebrantis</span> <span class='ocrx_word' id='word_1_187' title='bbox 411 3866 561 3952; x_wconf 88' lang='lat' dir='ltr'>propter</span> <span class='ocrx_word' id='word_1_188' title='bbox 578 3853 688 3925; x_wconf 91' lang='lat' dir='ltr'>vitam</span> <span class='ocrx_word' id='word_1_189' title='bbox 706 3851 866 3949; x_wconf 86' lang='lat' dir='ltr'>graviter</span> <span class='ocrx_word' id='word_1_190' title='bbox 883 3863 921 3923; x_wconf 91' lang='lat' dir='ltr'>et</span> <span class='ocrx_word' id='word_1_191' title='bbox 937 3851 1068 3925; x_wconf 89' lang='lat' dir='ltr'>decore</span> <span class='ocrx_word' id='word_1_192' title='bbox 1086 3863 1212 3939; x_wconf 88' lang='lat' dir='ltr'>actam,</span> <span class='ocrx_word' id='word_1_193' title='bbox 1225 3842 1463 3948; x_wconf 89' lang='lat' dir='ltr'>solatiumque</span> <span class='ocrx_word' id='word_1_194' title='bbox 1481 3853 1575 3950; x_wconf 89' lang='lat' dir='ltr'>patri</span> 
     </span>
     <span class='ocr_line' id='line_1_25' title="bbox 181 3973 646 4048; baseline -0.002 -3"><span class='ocrx_word' id='word_1_195' title='bbox 181 3973 426 4048; x_wconf 90' lang='lat' dir='ltr'>adhibendum</span> <span class='ocrx_word' id='word_1_196' title='bbox 445 3973 646 4048; x_wconf 89' lang='lat' dir='ltr'>statuentis.</span> 
     </span>
    </p>

    <p class='ocr_par' dir='ltr' id='par_1_10' title="bbox 255 4090 1574 4189">
     <span class='ocr_line' id='line_1_26' title="bbox 255 4090 1574 4189; baseline -0.002 -20"><span class='ocrx_word' id='word_1_197' title='bbox 255 4095 382 4169; x_wconf 84' lang='lat' dir='ltr'>Edidit</span> <span class='ocrx_word' id='word_1_198' title='bbox 411 4093 608 4170; x_wconf 76' lang='lat' dir='ltr'>B&#39;dckhius&#39;</span> <span class='ocrx_word' id='word_1_199' title='bbox 630 4090 829 4166; x_wconf 88' lang='lat' dir='ltr'>secundum</span> <span class='ocrx_word' id='word_1_200' title='bbox 861 4091 1047 4189; x_wconf 85' lang='lat' dir='ltr'>exemplar</span> <span class='ocrx_word' id='word_1_201' title='bbox 1077 4091 1396 4166; x_wconf 87' lang='lat' dir='ltr'>Sherardianum&#39;:</span> <span class='ocrx_word' id='word_1_202' title='bbox 1425 4093 1574 4166; x_wconf 83' lang='lat' dir='ltr'>Fellow·</span> 
     </span>
    </p>
   </div>
   <div class='ocr_carea' id='block_1_8' title="bbox 221 4291 1405 4471">
    <p class='ocr_par' dir='ltr' id='par_1_11' title="bbox 221 4291 1405 4471">
     <span class='ocr_line' id='line_1_27' title="bbox 221 4291 1405 4372; baseline -0.003 -19"><span class='ocrx_word' id='word_1_203' title='bbox 221 4297 229 4329; x_wconf 76' lang='lat'><strong>¹</strong></span> <span class='ocrx_word' id='word_1_204' title='bbox 245 4295 305 4354; x_wconf 91' lang='lat' dir='ltr'>Ubi</span> <span class='ocrx_word' id='word_1_205' title='bbox 320 4314 383 4372; x_wconf 86' lang='lat' dir='ltr'>sup.</span> <span class='ocrx_word' id='word_1_206' title='bbox 399 4315 426 4372; x_wconf 88' lang='lat' dir='ltr'>p.</span> <span class='ocrx_word' id='word_1_207' title='bbox 436 4297 502 4354; x_wconf 82' lang='lat'>320.</span> <span class='ocrx_word' id='word_1_208' title='bbox 518 4314 545 4350; x_wconf 90' lang='lat' dir='ltr'>u.</span> <span class='ocrx_word' id='word_1_209' title='bbox 555 4293 601 4358; x_wconf 84' lang='lat'>27.</span> <span class='ocrx_word' id='word_1_210' title='bbox 943 4297 955 4326; x_wconf 79' lang='lat'>&#39;</span> <span class='ocrx_word' id='word_1_211' title='bbox 972 4292 1035 4350; x_wconf 92' lang='lat' dir='ltr'>c.1.</span> <span class='ocrx_word' id='word_1_212' title='bbox 1050 4293 1105 4350; x_wconf 80' lang='lat' dir='ltr'>vol.</span> <span class='ocrx_word' id='word_1_213' title='bbox 1118 4311 1149 4350; x_wconf 91' lang='grc' dir='ltr'>ιι.</span> <span class='ocrx_word' id='word_1_214' title='bbox 1164 4313 1190 4370; x_wconf 92' lang='lat' dir='ltr'>p.</span> <span class='ocrx_word' id='word_1_215' title='bbox 1200 4295 1266 4353; x_wconf 83' lang='lat'>515.</span> <span class='ocrx_word' id='word_1_216' title='bbox 1281 4313 1308 4350; x_wconf 90' lang='lat' dir='ltr'>n.</span> <span class='ocrx_word' id='word_1_217' title='bbox 1318 4291 1405 4356; x_wconf 80' lang='grc'>2776.</span> 
     </span>
     <span class='ocr_line' id='line_1_28' title="bbox 222 4391 1353 4471; baseline -0.002 -19"><span class='ocrx_word' id='word_1_218' title='bbox 222 4401 234 4428; x_wconf 79' lang='grc'>“</span> <span class='ocrx_word' id='word_1_219' title='bbox 250 4393 309 4452; x_wconf 89' lang='lat' dir='ltr'>Ubi</span> <span class='ocrx_word' id='word_1_220' title='bbox 323 4413 386 4471; x_wconf 90' lang='lat' dir='ltr'>sup.</span> <span class='ocrx_word' id='word_1_221' title='bbox 402 4414 428 4470; x_wconf 92' lang='lat' dir='ltr'>p.</span> <span class='ocrx_word' id='word_1_222' title='bbox 442 4393 523 4452; x_wconf 87' lang='lat' dir='ltr'>llll.</span> <span class='ocrx_word' id='word_1_223' title='bbox 538 4413 566 4452; x_wconf 91' lang='grc' dir='ltr'>ιι.</span> <span class='ocrx_word' id='word_1_224' title='bbox 579 4391 664 4456; x_wconf 84' lang='grc'>2775.</span> <span class='ocrx_word' id='word_1_225' title='bbox 678 4393 705 4450; x_wconf 84' lang='lat' dir='ltr'>d.</span> <span class='ocrx_word' id='word_1_226' title='bbox 943 4392 1041 4449; x_wconf 76' lang='lat' dir='ltr'>wCod.</span> <span class='ocrx_word' id='word_1_227' title='bbox 1055 4412 1083 4468; x_wconf 94' lang='lat' dir='ltr'>p.</span> <span class='ocrx_word' id='word_1_228' title='bbox 1098 4395 1140 4452; x_wconf 87' lang='lat'>13.</span> <span class='ocrx_word' id='word_1_229' title='bbox 1182 4393 1256 4449; x_wconf 81' lang='lat' dir='ltr'>Ask.</span> <span class='ocrx_word' id='word_1_230' title='bbox 1272 4409 1290 4450; x_wconf 84' lang='lat'>1.</span> <span class='ocrx_word' id='word_1_231' title='bbox 1307 4395 1353 4452; x_wconf 88' lang='grc'>31.</span> 
     </span>
    </p>
   </div>
   <div class='ocr_carea' id='block_1_9' title="bbox 0 0 2014 5264">
    <p class='ocr_par' dir='ltr' id='par_1_12' title="bbox 0 0 2014 5264">
     <span class='ocr_line' id='line_1_29' title="bbox 0 0 2014 5264; baseline 0 0"><span class='ocrx_word' id='word_1_232' title='bbox 0 0 2014 5264; x_wconf 95' lang='lat' dir='ltr'> </span> 
     </span>
    </p>
   </div>
  </div>
 </body>
</html>
