3992 5240
164 563 272 608 rusca.
283 563 355 607 vrrr.
373 562 459 607 riso.
467 545 505 628 1.]
770 541 956 607 SARDES.
1497 546 1557 608 171

161 729 418 828 disceptationi
445 729 546 803 locus
576 729 749 804 latissime
777 742 905 826 pateat.
963 731 1063 802 Bene
1088 729 1133 803 de
1158 731 1355 826 quaestione
1386 733 1555 804 meritum

161 851 273 924 fuisse
291 848 509 922 Franokium
528 848 768 922 certissimum
785 861 849 934 est,
869 848 933 922 sed
950 849 1061 922 nimia
1078 849 1243 924 doctrina
1266 852 1413 924 obrutas
1434 865 1555 948 protu-

161 972 248 1046 lisse
266 969 545 1068 explicationes3
572 968 768 1066 pressiores
795 981 922 1041 contra
952 967 1166 1056 Bockhium,
1184 970 1368 1066 magisque
1392 971 1438 1044 ad
1459 971 1555 1044 illus-

164 1093 337 1168 trandum
354 1092 578 1192 compositas.

238 1213 510 1311 Argumentum
540 1213 578 1286 in
605 1212 699 1285 libro
725 1237 841 1309 nuper
868 1211 976 1298 edito,
1003 1238 1075 1310 qua
1103 1212 1156 1285 fas
1184 1225 1269 1298 erat,
1288 1238 1336 1286 ex
1354 1215 1555 1312 Peysonne·

163 1335 270 1410 lianis
288 1335 451 1432 exposui,
470 1333 569 1430 quod
586 1360 683 1407 nunc
701 1360 808 1431 quam
827 1335 1037 1408 brevissime
1056 1349 1227 1432 repetam.
1264 1334 1428 1407 Titulum
1446 1333 1555 1406 fuisse

163 1455 282 1529 Leoni
309 1454 373 1550 qui
394 1453 584 1528 Thracian
612 1451 782 1525 audiebat
808 1448 1028 1525 coaetaneum
1056 1475 1147 1536 reor,
1174 1449 1325 1524 sortasse
1357 1450 1555 1523 secundum

162 1573 381 1671 rescriptum
407 1575 453 1646 ab
480 1597 524 1644 eo
552 1572 710 1654 missum,
734 1571 881 1644 consule
907 1571 1065 1645 Orientis
1092 1571 1276 1656 Patriciol,
1306 1571 1554 1667 compositum,

163 1695 235 1768 hoc
265 1705 330 1779 est,
354 1691 528 1766 secundo²
550 1717 644 1765 anno
671 1705 754 1788 post
775 1690 965 1788 imperium
992 1715 1013 1762 a
1040 1691 1162 1762 Leone
1194 1703 1409 1786 susceptum.
1472 1691 1556 1762 Hoc

162 1815 340 1912 rescripto
357 1825 476 1886 motus
493 1813 721 1910 magistratus
744 1811 890 1909 quidam
909 1836 929 1884 e
948 1811 1096 1884 summis
1112 1811 1308 1907 provinciae
1327 1810 1556 1910 (Consularis

164 1933 304 2032 Lydiae,
323 1957 371 2004 ex
389 1943 509 2004 mente
526 1929 716 2027 Franckii)
740 1931 879 2002 litteras
904 1929 1003 2002 misit
1029 1929 1075 2002 ad
1092 1930 1332 2002 Aurelianum
1362 1931 1555 2026 quemdam

164 2055 230 2150 qui
247 2053 473 2151 Magistriani
491 2065 527 2126 et
548 2051 757 2126 Defensoris
771 2050 868 2148 apud
883 2051 1075 2126 Sardianos
1092 2077 1242 2126 munera
1258 2053 1392 2138 obibat,
1415 2054 1454 2126 in
1480 2056 1556 2150 qui-

164 2176 234 2248 bus
252 2174 352 2247 varia
368 2171 414 2246 de
431 2172 556 2246 officiis
578 2173 778 2246 locatorum
796 2184 833 2244 et
849 2171 1119 2268 redemptorum
1143 2173 1351 2271 singillatim
1374 2173 1553 2247 admonet.

164 2293 348 2368 Nimirum
365 2295 404 2367 in
421 2294 559 2368 crimen
572 2305 719 2366 vocatos
738 2291 883 2389 opifices
909 2293 1027 2388 quiin
1044 2293 1181 2366 aedibus
1200 2295 1258 2367 vel
1275 2293 1478 2368 reficiendis
1497 2296 1556 2368 vel

165 2413 349 2488 struendis
366 2416 636 2511 occupabantur
652 2411 848 2496 audiverat,
860 2423 898 2484 et
917 2436 983 2508 pro
1000 2413 1212 2486 auctoritate
1230 2437 1295 2486 sua
1310 2413 1557 2510 magistratum

164 2533 230 2629 qui
246 2532 286 2604 in
303 2531 435 2605 talibus
455 2529 745 2626 jurisdictionem
770 2529 906 2616 habuit,
924 2543 965 2604 ut
991 2533 1252 2606 controversias
1274 2535 1385 2620 tollat,
1403 2559 1556 2608 commo·

163 2649 308 2724 nefacit.
361 2650 444 2744 Quo
465 2660 570 2746 pacto
594 2648 665 2721 hoc
693 2648 826 2744 optime
844 2647 922 2720 fieri
945 2650 1059 2745 possit
1076 2649 1234 2724 dilucide
1252 2677 1366 2749 usque
1384 2653 1430 2726 ad
1447 2653 1555 2728 finem

165 2771 319 2868 exponit
346 2771 509 2842 minister
536 2769 806 2866 imperatorius;
834 2780 871 2841 et
893 2768 954 2841 hic
981 2794 1139 2842 menon
1166 2773 1419 2846 assentientem
1446 2774 1556 2848 habet

164 2889 376 2976 Franckius,
393 2889 457 2986 qui
474 2889 638 2962 desinere
665 2901 770 2986 putat
785 2888 1080 2962 constitutionem
1098 2891 1323 2988 Magistriani
1341 2893 1388 2966 ad
1410 2919 1555 2968 versum

164 3011 280 3099 43⁶⁰2,
297 3011 430 3086 deinde
459 3012 591 3085 addere
615 3035 664 3083 ex
693 3010 766 3084 suis
785 3010 1020 3084 Consularem
1038 3035 1094 3083 vv.
1107 3014 1165 3084 44.
1184 3035 1259 3108 sqq.
1285 3039 1364 3112 quoe
1390 3014 1554 3113 deinceps,

162 3147 204 3207 ut
220 3133 343 3206 verbis
360 3145 441 3206 utar
459 3129 623 3216 Boethii,
641 3140 828 3204 connectere
844 3128 935 3202 iuter
952 3153 987 3203 se
1003 3129 1117 3205 studet
1132 3129 1205 3204 siae
1220 3155 1387 3207 sacomam

491 3372 682 3446 uiseret.
710 3373 792 3443 Trr.
804 3371 914 3444 VIII.
941 3395 970 3443 a.
998 3373 1125 3468 pp.45.
1143 3374 1223 3446 158.

166 3561 260 3632 1·l3‚
364 3595 379 3609 -
411 3596 425 3609 ·
458 3595 471 3609 ·
503 3543 668 3649 δημόσια
691 3545 738 3628 τὰ
756 3552 829 3626 τῶν
849 3551 1053 3649 οἰκοδομῶν
1076 3553 1136 3630 καὶ
1166 3597 1463 3614 ·······
1488 3561 1553 3656 τῆς

306 3679 573 3787 λαμπροτάτης
603 3685 819 3785 Σαρδιανῶν
849 3677 1127 3786 μητροπόλεως,
1156 3683 1250 3765 κατὰ
1280 3683 1322 3766 τὸ
1355 3688 1552 3791 ἐπίταγμαι

204 3944 375 4004 'Ricimere
397 3942 582 4011 Occidentis3
602 3941 681 4017 quod
706 3941 836 3999 nondum
886 3941 1161 4000 VideoFranckium
1169 3962 1282 4001 mecum
1290 3963 1449 4020 congruere
1458 3946 1553 4020 quoad

163 4047 195 4103 in
220 4045 342 4102 Oriente
374 4043 547 4121 degentibus
572 4049 687 4106 uotum,
713 4041 835 4119 ideoque
884 4036 1028 4114 apocham.
1070 4038 1221 4097 Statuerat
1247 4041 1294 4097 vir
1321 4041 1423 4098 doctus
1449 4061 1553 4100 monu-

160 4145 285 4222 pouitur
307 4149 353 4202 τοῢ
385 4137 593 4216 δηλητηρίων.
650 4138 728 4197 Vide
760 4138 837 4196 infra
884 4145 1016 4194 mentum
1030 4137 1176 4213 pertinere
1189 4137 1225 4195 ad
1239 4159 1348 4196 annum
1361 4140 1394 4197 P.
1406 4140 1438 4198 C.
1450 4143 1516 4206 459.

162 4253 222 4302 not.
233 4261 267 4300 w.
925 4233 939 4262 ⁸
952 4235 991 4293 V·
1006 4237 1033 4292 2·
1075 4236 1194 4295 Dicitur
1214 4236 1262 4295 hio
1281 4238 1420 4312 ἐπίταγμα
1440 4246 1485 4298 ταῦ
1498 4244 1552 4300 Αὖ-

200 4340 283 4400 'Vel
303 4339 388 4398 terlio.
435 4337 512 4397 Vide
542 4337 648 4395 Fascio.
672 4353 690 4395 1.
717 4355 746 4414 p.
772 4335 836 4398 157.
885 4335 1037 4416 sanguisugas
1070 4345 1106 4394 ut
1132 4335 1242 4408 immi
1269 4343 1400 4405 Σιβιττοῢ
1432 4336 1463 4394 in
1483 4341 1552 4399 Teio

835 4434 883 4497 za
