3956 5248
435 553 498 617 404
981 543 1272 612 AUOTARIUM.
1415 547 1536 628 [macr.
1551 564 1697 623 cxcvm,
1715 565 1822 610 cxcrx.

436 738 524 824 (vide
540 736 618 804 VV.
629 735 714 822 LL.)
727 731 869 799 ordinavi
888 731 1025 820 primum
1048 730 1215 819 particulas
1233 730 1279 796 ita
1298 741 1335 794 ut
1358 729 1480 818 duplex
1499 729 1651 818 prodiret,
1665 753 1707 797 sc.
1726 730 1761 794 in
1775 729 1820 794 di·

434 842 530 907 versis
556 841 696 929 partibus
721 839 846 916 oedium,
868 839 934 904 sive
953 837 1044 904 «Iovis
1070 835 1232 902 Homonoi
1257 833 1324 902 sive
1350 834 1496 923 Augusti.
1541 835 1739 902 Proveniant
1762 834 1821 900 hoc

435 963 534 1036 pacto,
557 944 733 1034 inprimis,
756 941 899 1010 a.b.c.s.
924 941 1047 1020 deinde,
1073 941 1191 1030 g.e.d.
1246 939 1300 1006 Ad
1325 939 1460 1006 similem
1476 955 1618 1006 tenorem
1638 941 1822 1029 compositos

434 1051 633 1132 crediderim,
649 1050 703 1117 aed
716 1073 789 1116 cum
802 1048 943 1114 formulis
958 1047 1164 1114 dedicationis
1179 1045 1319 1124 diversis,
1334 1045 1494 1124 nimirum,
1520 1053 1654 1134 Καίσαρι
1670 1047 1822 1135 Σεβαστῷ

436 1166 484 1228 καὶ
499 1165 543 1246 τῷ
558 1162 667 1244 Δὴμῳ,
683 1169 716 1221 et
731 1155 785 1224 Ad
798 1161 843 1244 τῷ
856 1153 1020 1242 Ὁμανώῳ.
1066 1151 1188 1238 Sequor
1201 1175 1276 1219 vero
1297 1152 1332 1218 in
1354 1151 1437 1218 notis
1463 1151 1605 1220 ordinem
1625 1177 1719 1240 quem
1743 1153 1822 1218 inter

436 1262 676 1330 describendum
690 1259 921 1326 constitueram.

500 1371 539 1436 In
553 1369 616 1435 fine
631 1393 661 1433 v.
675 1369 702 1432 1.
718 1367 912 1453 conjeceram
926 1363 1080 1453 inprimis
1096 1364 1167 1442 Διΐ;
1190 1363 1276 1450 quod
1289 1365 1374 1430 enim
1388 1363 1504 1432 cecinit
1513 1363 1678 1454 Virgilius,
1690 1390 1748 1432 cur
1761 1391 1820 1433 uon

434 1475 613 1562 sculperent
628 1473 725 1552 Assii‚
741 1472 883 1538 Divinum
907 1472 1069 1558 imperium
1091 1493 1158 1535 cum
1172 1469 1247 1536 Jove
1259 1469 1362 1536 Cesar
1383 1468 1494 1536 tata?
1538 1469 1611 1536 Hoc
1632 1471 1734 1560 magis
1753 1495 1819 1560 pro·

434 1579 586 1658 barmim,
612 1579 698 1666 quod
719 1579 910 1665 jamdudum
931 1577 1015 1644 inter
1029 1577 1172 1644 Numine
1194 1591 1340 1666 receptus
1364 1577 1467 1644 fuerat
1489 1578 1673 1666 Imperator.
1718 1579 1820 1646 Posito

437 1690 544 1773 Δήμῳ,
567 1684 665 1772 possis
691 1683 831 1774 accipere
857 1707 914 1772 pro
928 1683 1043 1772 Ῥώμῃ,
1069 1705 1163 1768 quam
1186 1683 1221 1748 in
1243 1683 1396 1772 religione
1418 1683 1600 1768 hujusmodi
1624 1685 1820 1770 conjunctam

435 1796 538 1862 voluit
561 1819 634 1861 cum
657 1795 785 1862 nomine
811 1818 867 1860 suo
891 1794 1077 1881 Augustus.
1134 1792 1187 1858 Sic
1211 1793 1244 1858 in
1269 1793 1418 1860 ιιιιιιιιιιίιο
1441 1787 1604 1860 ΡΩΜΗ.
1625 1791 1697 1860 ΚΑΙ
1717 1838 1728 1860 .
1746 1790 1818 1860 ΟΕ·

439 1901 619 1972 ΒΑΟΤΩ.

501 2014 640 2080 Dedicat
657 2013 785 2100 quidam
803 2013 869 2078 sive
891 2012 1045 2102 templum
1068 2013 1171 2102 ipsum
1195 2013 1261 2081 sive
1281 2013 1383 2102 (quod
1406 2014 1567 2082 Biiclrbiod
1582 2016 1683 2106 magis
1704 2017 1816 2107 placet)

435 2119 602 2209 porticum,
619 2119 757 2202 Quintus
776 2117 918 2185 Lucilius
939 2131 999 2186 etc.
1019 2117 1075 2205 qui
1090 2118 1262 2186 sacerdotia
1278 2119 1370 2207 plura
1387 2121 1504 2209 gessit3
1529 2121 1720 2210 interpretor
1740 2125 1817 2190 eninr

435 2231 568 2314 πάτριος
574 2226 734 2314 βασιλεύς
744 2226 779 2290 in
789 2247 820 2292 v.
832 2227 862 2290 4.
874 2223 914 2292 de
925 2247 1054 2290 munere
1067 2223 1258 2300 sacerdotali,
1274 2237 1311 2289 ut
1320 2224 1455 2312 exposui
1463 2247 1557 2314 supra
1567 2227 1607 2292 ad
1618 2227 1670 2296 tit.
1680 2248 1818 2294 enxxnn.

437 2336 466 2399 6.
482 2332 644 2399 Potuerim
660 2355 785 2420 quoque
800 2330 840 2397 de
855 2331 942 2420 regia
954 2329 1010 2395 illa
1024 2329 1178 2418 dignitate
1196 2329 1356 2396 umbratili
1371 2353 1465 2416 quam
1484 2331 1579 2398 refert
1594 2333 1721 2401 Strabo*
1734 2333 1820 2401 fuisse

435 2438 667 2505 Androolidum
682 2463 690 2516 ;
713 2437 809 2502 immo
824 2437 864 2502 de
878 2435 1019 2523 utrisque
1034 2435 1219 2522 conjunctis,
1235 2447 1272 2501 ut
1285 2435 1364 2502 adeo
1378 2435 1509 2525 prodeat
1522 2452 1634 2518 noster,

712 2583 857 2654 Aeolides,
871 2579 925 2642 rex
938 2581 1016 2641 idem
1028 2579 1179 2642 hominum
1196 2585 1387 2662 Augustique
1400 2585 1530 2646 sacerdos
1541 2609 1550 2660 ς

502 2727 629 2814 Quippe
643 2725 741 2792 verba
756 2723 917 2790 Strabonis
931 2736 1024 2790 sunt:
1047 2727 1279 2809 Ὀνομάζονται
1294 2727 1457 2809 Βασιλεῖς,
1478 2732 1606 2818 ἔχοντές
1621 2763 1710 2811 τινας
1723 2737 1818 2818 σιμός,

436 2835 607 2923 προεδρίαν
621 2861 653 2900 τε
668 2836 701 2901 iu
717 2833 831 2919 ιἰγῶσι,
849 2833 899 2900 καὶ
918 2835 1088 2920 πορφῦραν
1103 2838 1256 2918 ἐπίσημον
1275 2843 1332 2902 roir
1349 2835 1522 2922 βασιλικοῦ
1536 2845 1662 2926 γένους,
1684 2846 1818 2908 σκίπωνα

438 2943 508 3010 duri
535 2944 706 3025 σκήπτρου,
736 2943 785 3006 καὶ
810 2939 849 3004 τὰ
875 2940 941 3022 ἱερὰ
967 2949 1024 3016 τῆς
1037 2938 1238 3017 Ἐλευσινίας
1265 2944 1443 3028 Δήμητρας.
1489 2941 1554 3008 Sed
1575 2944 1657 3010 oonl’.
1679 2944 1819 3032 Mytilen.

439 3045 590 3125 Bdokhii,
606 3069 636 3110 n.
654 3047 748 3111 2819.
767 3045 817 3110 14.

502 3153 543 3217 Ιιι
561 3175 592 3214 v.
608 3151 638 3214 6.
656 3149 728 3216 obv.
748 3147 910 3236 epitheton
925 3148 1025 3226 doris,
1051 3157 1218 3232 Ομονὼσς,
1241 3148 1273 3214 h.
1286 3173 1315 3216 e.
1330 3150 1497 3235 Ὁμόνοος,
1517 3176 1646 3232 amacura,
1661 3155 1757 3242 idque
1775 3155 1821 3222 vel

438 3270 566 3346 propter
579 3258 687 3323 orbem
706 3257 764 3322 sub
780 3259 927 3344 Augusto
949 3271 1106 3344 pacatum,
1127 3257 1179 3322 vel
1198 3257 1397 3323 concordiam
1412 3263 1593 3346 (ὀμόσασα)
1608 3284 1681 3328 cum
1701 3263 1820 3328 civitate

439 3363 544 3448 aliqua
560 3362 674 3442 vicina,
696 3385 748 3428 ex.
769 3387 796 3428 c.
823 3362 1017 3441 Pioniorum,
1040 3363 1165 3450 qualem
1187 3379 1362 3430 memorant
1382 3365 1521 3432 nummis.
1566 3367 1646 3434 Erat
1667 3392 1739 3435 sane
1754 3371 1821 3454 Ζςὺς

440 3471 609 3553 ὁμολώϊος,
633 3469 723 3555 eujus
743 3467 889 3534 meminit
915 3469 1038 3549 Suidas,
1058 3494 1152 3557 quem
1174 3493 1247 3536 oum
1270 3485 1376 3536 nostro
1395 3471 1531 3538 eundern
1553 3473 1647 3540 sume
1663 3475 1821 3542 utimur

440 3573 626 3642 Franckius.
672 3572 838 3640 Consentit
853 3573 991 3639 ΒὸαΙιΙι.Β
1034 3575 1157 3642 Eodem
1172 3575 1286 3642 recidit
1299 3599 1416 3643 sensus.

1056 3760 1215 3828 CXCIX.

486 3891 513 3952 1.
535 3889 609 3956 Ἐπί
617 3899 676 3953 etc.
698 3886 749 3952 De
760 3884 966 3975 fragminibus
978 3887 1116 3976 disjectis
1128 3891 1209 3956 nibil
1220 3892 1354 3982 amplius
1365 3893 1476 3960 addam
1493 3919 1586 3980 quarn
1598 3893 1699 3985 epigr.
1708 3893 1822 3962 nummi

474 4095 661 4147 δι’ὶιίιιδιιιιιιιιι.
672 4097 782 4157 dtsupr·
798 4097 881 4144 unor.
893 4097 970 4146 adua
987 4113 1108 4148 mnxxrx.
1192 4103 1281 4152 rubr.
1294 4117 1347 4152 xrv.
1362 4107 1382 4152 1.
1395 4119 1417 4165 p.
1432 4107 1485 4155 162.
1497 4105 1523 4153 Τ.

458 4187 496 4234 ,α
1193 4186 1284 4237 ‘uos
1295 4189 1390 4238 ιιιιιιι
1401 4191 1619 4253 ratramus.

474 4267 1066 4332 εΒαίΗάιςιιιιιιιι.ἰιιΙιῖιιὶΙιαΙ.ιιιῑιιιιιιιὶιισ,
1192 4273 1285 4320 sudet
1304 4273 1822 4341 bandparumaeoaditaxorlglncdaoliu

474 4351 486 4384 ἅ
504 4353 530 4401 c.
543 4351 614 4400 lnam.
628 4365 655 4400 ιι.
668 4353 754 4412 peso.
1161 4359 1310 4420 cognominis.
1327 4357 1484 4408 Vrdthtrkn
1495 4361 1604 4422 ubaapr.
