4004 5264
766 589 1023 658 PRAEFATIO.
1571 597 1589 659 9

199 779 423 854 eruditorum
440 777 566 852 laudes
583 777 723 851 meruit.
760 777 913 876 Copiam
930 777 1084 875 amplam
1102 777 1188 852 satis
1199 777 1306 852 video
1319 790 1526 878 congestam
1543 806 1592 856 ex

198 940 407 1038 regionibus
418 938 575 1028 Asianis,
586 962 695 1034 quam
706 938 945 1036 plurimorum
958 963 1042 1012 oum
1053 938 1139 1012 libri
1151 950 1229 1012 tum
1248 939 1391 1014 scheda
1404 942 1591 1016 subminis-

198 1095 349 1170 trarunt,
375 1083 413 1156 in
436 1107 508 1178 qua
534 1093 672 1179 partem
700 1081 847 1154 minime
872 1079 1110 1178 spernendam
1128 1104 1254 1154 eorum
1276 1106 1358 1177 quae
1384 1081 1462 1179 ipse
1479 1081 1591 1156 habui

199 1222 381 1321 descripta
396 1248 561 1322 agnosco.
596 1225 675 1298 Nee
692 1223 930 1298 invidendum
947 1249 1030 1298 reor
1042 1225 1121 1299 viro
1138 1226 1322 1323 praestanti
1339 1224 1449 1323 quod,
1462 1226 1591 1300 itinere

197 1363 303 1436 citius
330 1361 506 1450 confecto
536 1388 616 1438 mea
644 1365 879 1461 praeverterit,
907 1365 1018 1463 idque
1052 1367 1229 1441 bonarum
1255 1367 1457 1443 litterarum
1485 1394 1592 1444 eausa

198 1528 287 1600 quas
304 1529 389 1578 eum
406 1516 444 1576 et
461 1529 655 1580 exornasse
684 1505 804 1580 sciunt
830 1531 964 1596 omnes,
983 1519 1020 1581 et
1040 1509 1079 1581 in
1100 1521 1286 1606 posterum
1313 1509 1466 1607 amplius
1489 1534 1591 1583 exor-

200 1655 368 1717 naturum
386 1667 468 1742 spes
484 1656 547 1718 est.
600 1643 645 1718 In
663 1645 735 1718 suis
765 1645 855 1720 locis
882 1647 1064 1745 reperient
1090 1648 1244 1723 lectores
1262 1649 1453 1748 desumpta
1469 1651 1528 1724 vel
1545 1651 1591 1724 de

200 1797 375 1859 contextu
392 1785 580 1860 titulorum
598 1788 880 1862 Franzianorum
897 1790 958 1862 vel
978 1790 1024 1864 de
1041 1791 1333 1865 annotationibus
1351 1814 1433 1886 quae
1449 1790 1496 1864 ad
1512 1815 1593 1865 mea

199 1924 412 1999 illustranda
427 1926 560 1999 bonam
577 1925 719 2024 frugem
737 1925 888 2001 allatura
905 1926 1017 2002 duxi:
1046 1940 1166 2003 cetera
1187 1929 1226 2002 in
1249 1929 1382 2025 quibus
1400 1929 1516 2003 sentio
1533 1955 1590 2004 me

199 2069 339 2166 plaeitis
371 2069 449 2165 ejus
478 2068 660 2143 discordia
686 2069 855 2144 statuisse
883 2068 1012 2144 harum
1040 2093 1161 2142 rerum
1189 2069 1385 2144 scientibus
1411 2068 1591 2164 judicium

200 2210 377 2305 permitto.

254 2469 373 2526 Danau
386 2485 429 2526 nx
443 2469 554 2528 Museo
568 2485 642 2538 uso,

203 2583 253 2624 vn.
269 2567 348 2627 Kar..
363 2569 513 2638 Auonsm,
530 2583 708 2628 unoooxnv.

272 4533 390 4578 ansele.
408 4535 443 4578 11.
