3972 5240
170 678 272 724 macr.
286 655 411 745 ccum]
586 717 592 729 ,
723 653 1031 724 SAGALASSUS.

737 963 907 1040 CCLIII.
957 967 991 1038 b.

745 1152 965 1223 ΠΟΠΛΙΟΣ

744 1264 940 1335 ΙΟΥΛΙΟΣ

745 1377 970 1447 ΔΙΟΓΕΝΙΑ

743 1489 958 1560 ΝΟΣΥΙΟΣ

667 1606 688 1676 5
744 1609 965 1679 ΠΟΠΛΙΟΥ

684 1783 686 1790 ,
745 1722 941 1792 ΙΟΥΛΙΟΥ

741 1835 953 1904 ΣΙΝΚΛΗΤ

746 1947 950 2018 morato

744 2060 945 2131 ΡΑΝΟΜΗ

647 2169 693 2240 10
744 2167 976 2242 ΣΑΣΗΓΛΥ

745 2287 986 2356 «worma

740 2399 969 2469 ΤΡΙΔΠΟΝ

745 2511 898 2579 ΕΡΩΤΑ

740 2623 941 2694 meeum

171 2840 344 2925 Πόπλιος
361 2837 519 2924 Ἰούλιος
539 2838 781 2943 Διογενιανὸς
811 2837 889 2926 υἱὸς
921 2843 1097 2921 Ποπλίου
1115 2839 1276 2922 Ἰουλίου
1303 2846 1561 2946 Συγκλητικοῦ

282 2971 572 3077 ἀγορανομήσας
591 2977 637 3082 τῇ
656 2973 872 3082 γλυκυτάτῃ
891 2979 1042 3081 πατρίδι
1061 2974 1129 3058 τὸν
1148 2977 1267 3081 ἔρωτα
1284 2977 1451 3077 ἀνέθηκε.

245 3216 391 3289 Titulus
414 3229 671 3288 commemorat
688 3216 879 3290 donarium
899 3217 993 3316 (soil.
1011 3217 1164 3316 effigiem
1185 3217 1387 3314 Cupidinis,
1406 3231 1448 3291 ut
1465 3245 1559 3317 supr.

169 3337 205 3408 in
225 3339 278 3410 tit.
299 3335 500 3433 caxxxnr.)
520 3335 620 3432 quod
636 3337 760 3434 patriae
774 3335 852 3432 ejus
870 3337 1089 3411 dulcissimae
1106 3337 1298 3412 addixerat
1312 3339 1559 3435 Diogenionus

169 3461 318 3558 quidam
335 3461 565 3558 agoranomia
581 3459 736 3533 functus.

244 3583 294 3654 Et
316 3578 414 3652 hunc
431 3577 554 3652 deora
570 3577 745 3676 descripsi
762 3577 898 3652 ibidem
916 3589 1087 3650 versatus.
1140 3577 1405 3676 Apographum
1423 3580 1522 3654 aliud
1540 3607 1561 3654 a

169 3703 213 3774 D.
232 3703 325 3775 Jens
341 3699 459 3772 Pellio
476 3697 691 3786 confectum,
715 3698 805 3771 mihi
832 3721 949 3796 nuper
975 3697 1244 3771 commendavit
1259 3699 1469 3788 Boi-remus,
1487 3725 1560 3796 quo

169 3819 303 3896 menda
319 3820 453 3907 insunt,
471 3825 819 3895 ΣΙΝΚΤΟΥΜΓΟΥ
841 3819 880 3892 in
897 3843 954 3892 vv,
975 3821 1005 3891 7.
1024 3843 1050 3892 s.
1082 3831 1119 3891 et
1145 3819 1184 3892 in
1210 3822 1266 3894 10.
1285 3819 1376 3896 med.
1394 3826 1459 3893 ΤΙ.
1514 3823 1560 3896 In

172 3945 225 4015 11.
246 3967 271 4014 s.
293 3947 493 4014 ΠΑΥΡΙΔΙ.
550 3943 679 4016 Fracta
697 3941 892 4016 exhibetur
909 3965 984 4013 vox
1001 3946 1222 4014 ΑΝΕΘΗΚΕ
1248 3966 1330 4036 qum
1354 3941 1495 4038 integra
1521 3943 1560 4014 in

170 4083 347 4133 marmore
365 4061 568 4156 apparebat.
