3956 5248
193 608 297 652 rusca.
313 587 410 674 cara]
818 585 944 652 Tuos.
1513 585 1574 649 365

190 789 224 838 ut
239 773 342 838 obiter
356 786 471 848 notem,
487 771 527 836 ad
550 785 687 837 nostram
712 783 835 836 aetatem
854 771 1023 859 appellatio
1037 769 1209 836 honorifica
1224 767 1308 856 apud
1322 768 1404 855 ipsos
1420 767 1571 833 infideles.

192 885 246 950 Sic
261 884 384 950 Arabes
398 884 516 949 hahent
531 873 647 976 ⁶3²le
664 880 757 972 0⁹⁴3,
773 881 873 978 ugsh
893 902 973 972 ρων
994 901 1026 949 et
1044 903 1124 970 μοι
1146 871 1224 963 4⁸3,
1248 906 1381 968 quorum
1402 882 1572 947 secundum

189 1011 220 1061 et
231 995 347 1061 Turcae
363 995 571 1074 adsciverunt,
588 995 761 1060 secundum
776 993 901 1058 illorum
916 994 1189 1071 constructionem,
1212 991 1312 1093 zigf‘a
1334 1013 1440 1091 σοι.

255 1100 463 1166 Revertamur
492 1100 532 1164 ad
561 1100 777 1166 auctoritatem
800 1099 978 1186 principum
1001 1100 1141 1163 virorum
1166 1099 1200 1163 in
1223 1099 1316 1187 asylis
1339 1099 1572 1166 constituendis.

191 1206 263 1271 Hoc
278 1207 332 1291 jus
347 1229 410 1270 non
426 1205 519 1270 modo
534 1205 594 1271 sibi
609 1205 806 1270 assumebant
830 1218 971 1278 rectores,
987 1203 1042 1268 sed
1068 1216 1101 1268 et
1123 1202 1238 1268 limites
1257 1203 1291 1267 in
1312 1205 1413 1290 majus
1428 1205 1572 1292 augendi,

190 1311 240 1376 vel
255 1311 350 1377 etiam
365 1311 651 1390 circumscribendi,
667 1335 800 1396 quorum
817 1311 994 1376 testimonia
1008 1310 1210 1397 suppeditant
1224 1326 1372 1376 auctores.
1408 1311 1458 1376 De
1470 1313 1573 1399 Ephe-

192 1417 261 1482 sino
276 1435 382 1482 narrat
397 1416 541 1495 Strab0h3
558 1417 705 1484 Ἀσνλον
725 1415 756 1484 δὲ
768 1423 849 1502 μένει
864 1421 900 1484 τὸ
914 1420 1000 1502 ἱερὸν
1015 1425 1064 1485 καὶ
1080 1425 1139 1484 νῦν
1154 1423 1201 1484 καὶ
1217 1420 1382 1506 πρότερον·
1397 1431 1452 1496 τῆς
1468 1416 1579 1485 disu-

188 1526 262 1601 λῖας
277 1533 352 1602 τοὺς
367 1529 463 1611 ὅρους
479 1523 657 1612 άλλαγῆναι
673 1523 792 1610 συνέβη
803 1524 969 1602 πολλάκις,
981 1522 1197 1610 Ἀλεξάνδρου
1212 1531 1268 1609 μὲν
1285 1527 1332 1591 ἐπὶ
1347 1523 1476 1592 στάδιον
1485 1530 1573 1592 ἐκτεί-

190 1657 316 1705 ναντος,
332 1627 525 1715 Μιθριδάτου
536 1628 566 1695 δὲ
577 1626 709 1712 τόξευμα
722 1628 857 1715 ἀφέντος
866 1627 929 1694 άπὸ
937 1637 992 1703 τῆς
1004 1634 1124 1715 γωνίας
1135 1637 1191 1693 τοῦ
1200 1631 1345 1713 κεράμου,
1357 1635 1405 1694 καὶ
1420 1627 1575 1706 δόξαντος

188 1733 425 1823 ὑπερβαλέσθαι
449 1736 542 1820 μικρά
560 1737 596 1800 τὸ
623 1732 761 1800 στάδιον·
785 1733 958 1801 Ἀντωνίου
979 1731 1011 1800 δὲ
1027 1733 1294 1810 διπλασιάσαντος
1315 1742 1418 1811 τοῦτο,
1435 1741 1484 1802 καὶ
1500 1765 1576 1816 σομ-

188 1841 425 1929 περιλαβάντος
440 1845 479 1928 τῇ
493 1839 610 1926 dualia
623 1844 718 1926 μέρος
740 1869 769 1905 τι
794 1849 849 1916 τῆς
875 1839 1010 1915 πόλεως.
1034 1841 1130 1925 ἐφάνη
1158 1837 1302 1905 δὲταῦτα
1322 1839 1506 1926 βλαβερὸν,
1524 1849 1573 1908 καὶ

190 1952 237 2016 ἐπὶ
253 1960 321 2024 τοῖς
334 1951 521 2034 κακαάργοις
535 1955 647 2014 ποιοῦν
661 1952 719 2026 τὴν
734 1947 840 2022 πόλιν,
853 1947 924 2014 ὥστ’
933 1951 1122 2032 ἠκάρωσενὸ
1135 1947 1301 2032 Σεβαστὸς
1315 1955 1445 2032 Καῖσαρ.
1471 1946 1578 2011 Taciti

190 2053 286 2117 verba
300 2050 522 2138 exscripsimus
542 2074 635 2138 supra
645 2051 685 2114 de
701 2049 1043 2127 Hierocaesariensibus,
1056 2073 1188 2134 quorum
1200 2073 1263 2114 non
1278 2051 1396 2136 templo
1411 2051 1577 2117 dumtaxat

189 2157 243 2221 sed
258 2173 291 2222 et
306 2156 427 2220 duobus
450 2155 590 2222 millibus
613 2179 759 2243 passuum
780 2154 880 2242 asylia
902 2178 1047 2221 concessa
1071 2170 1137 2219 est:
1159 2155 1244 2219 tituli
1270 2179 1362 2242 porro
1379 2156 1576 2244 Smyrnensis

190 2261 350 2328 decretum
359 2261 505 2327 Callinici
520 2259 680 2326 referentis
690 2283 747 2347 per
755 2261 840 2346 qnod
849 2262 922 2327 urbs
933 2275 998 2326 tota
1012 2274 1117 2326 sancta
1131 2274 1163 2326 et
1176 2260 1328 2326 inviolata
1341 2262 1575 2350 praedicabatur.

190 2367 311 2433 Pariter
325 2393 368 2433 ex
382 2366 475 2433 titulo
493 2383 599 2432 nostro
613 2389 681 2434 cuv.
697 2369 871 2433 censendus
888 2385 935 2434 est
948 2369 1129 2435 Antiochus
1152 2370 1336 2436 auctoritate
1356 2395 1411 2436 sua
1426 2371 1576 2437 Teiorum

187 2475 259 2558 jura
283 2475 484 2564 promovisse,
509 2476 605 2563 idque
626 2491 754 2564 propter
776 2477 897 2542 cultum
923 2478 1049 2554 Bacchi,
1074 2491 1110 2541 ut
1130 2476 1348 2565 Ephesiorum,
1367 2493 1494 2565 propter
1517 2477 1575 2541 Di-

190 2605 292 2648 anam.

255 2688 405 2754 Cetemm
420 2711 463 2753 ex
482 2686 542 2754 hoc
560 2687 705 2752 instituto
723 2686 879 2774 asylorum
895 2685 1051 2761 videntur,
1074 2684 1259 2771 antiquitate
1275 2697 1363 2764 teste,
1381 2685 1578 2753 incommoda

191 2795 290 2860 multa
317 2793 513 2882 profiuxisse.
572 2794 752 2861 Declaravit
774 2794 807 2860 in
836 2793 945 2882 primis
978 2793 1098 2870 Strabo,
1125 2793 1177 2858 cui
1206 2793 1320 2859 deinde
1347 2817 1402 2859 sua
1431 2794 1578 2860 addidere

192 2901 330 2966 Tacitus¹
345 2913 377 2966 et
390 2900 582 2967 Suetonius&
609 2901 815 2976 Crebreaeebct
837 2900 955 2986 (inquit
969 2899 1037 2982 ille)
1049 2923 1109 2987 per
1124 2900 1248 2968 Gratus
1260 2902 1348 2967 urbes
1361 2902 1479 2966 licentia
1493 2915 1579 2990 atque

191 3008 355 3095 impunitos
368 3008 626 3094 esyhtstatuendi:
649 3010 875 3097 complebantur
885 3009 996 3095 emptu
1005 3009 1147 3094 pessimis
1160 3009 1367 3074 sesama.-
1388 3011 1488 3074 eodem
1511 3009 1577 3072 aab·

190 3115 266 3178 sidio
281 3114 408 3178 oberat
426 3116 583 3180 adversum
597 3117 764 3190 creditores,
779 3117 960 3202 saepemque
974 3115 1148 3200 capitelium
1159 3115 1330 3192 nimiarum,
1342 3115 1577 3201 acceptabantur.

191 3223 257 3286 Nec
281 3221 377 3284 ultum
404 3223 477 3285 sun
501 3223 635 3286 suidam
656 3223 819 3309 imperium
844 3233 910 3287 erat
928 3223 1094 3286 mercesdis
1113 3221 1305 3286 seditionibus
1329 3221 1438 3308 popuii
1452 3219 1579 3307 flept'tia

191 3325 346 3390 hominurn
367 3339 399 3388 ut
420 3328 606 3390 stemnius
622 3329 713 3390 deam
724 3328 919 3413 proreperet.
954 3325 1056 3410 Igitur
1069 3327 1217 3412 parcitum
1239 3337 1273 3388 at
1287 3326 1433 3392 mitterent
1454 3329 1580 3393 cintutes

185 3434 261 3517 jura
278 3443 366 3518 utqtte
379 3432 497 3516 legatos.
542 3433 588 3495 Et
608 3433 754 3518 φιαάανι,
771 3435 852 3518 prod
863 3431 949 3518 falso
959 3443 1188 3518 usurpaverant,
1202 3442 1304 3516 sporus
1314 3432 1437 3497 omisere
1446 3459 1457 3508 ;
1478 3435 1579 3498 mute

191 3539 306 3602 οοινιτάι
318 3539 575 3624 asperatitionibas
588 3549 642 3602 aut
654 3539 767 3604 medis
781 3541 814 3602 in
828 3539 980 3624 populum
997 3537 1172 3600 Rornanum
1185 3536 1333 3622 fidebam.
1373 3535 1460 3601 Dein
1475 3539 1578 3626 pergit

190 3641 355 3707 historicus
381 3665 551 3708 memorare
572 3641 744 3731 legationes
760 3642 981 3730 Ephesiorum,
1006 3641 1194 3728 Magnetum
1221 3640 1329 3718 Ioniae,
1350 3641 1578 3728 Aphrodisien-

192 3746 281 3822 sium,
313 3747 600 3828 Stratonicensium,
629 3748 748 3814 civium
778 3748 1026 3823 Hierocaesareae,
1057 3746 1256 3834 Cypriomm‚
1297 3747 1429 3809 aliarum
1466 3769 1579 3832 quoque

192 3854 349 3927 dantum,
386 3849 420 3914 in
452 3875 584 3937 quarum
612 3876 742 3917 recensu
775 3865 936 3940 ponuntur
965 3849 1160 3939 Pergameni,
1190 3850 1352 3938 Smymaei,
1384 3849 1488 3928 Tenii,
1514 3850 1577 3915 Mi-

193 3955 269 4032 lesii,
295 3955 448 4031 Sardiani,
465 3954 651 4021 Cretenses:
682 3979 784 4040 neque
808 3955 941 4022 abfuisse
966 3954 1061 4020 Teios
1084 3953 1280 4031 crediderim,
1301 3955 1350 4019 his
1370 3953 1445 4042 ipsis
1468 3955 1576 4034 titulis,

194 4083 324 4144 quorum
345 4073 406 4123 tres
428 4059 469 4122 ob
493 4057 599 4123 oculos
624 4058 797 4146 legentium
821 4073 932 4135 statu0,
958 4059 1060 4124 fretos.
1106 4059 1204 4124 Facta
1227 4059 1354 4124 demum
1380 4073 1577 4126 senatuscon-

226 4289 237 4320 '¹
254 4291 314 4338 mur.
328 4303 380 4338 arv.
397 4293 416 4336 l.
429 4303 450 4348 p.
465 4293 518 4338 176.
527 4289 553 4336 Τ.
942 4287 953 4321 ¹¹
970 4289 1044 4338 'l'iben
1066 4303 1163 4337 xxxvrn
1184 4291 1224 4337 ubl
1243 4291 1295 4338 vide
1311 4291 1409 4338 Excurs
1428 4292 1533 4352 Emestii,
1554 4301 1577 4341 et

230 4373 236 4406 ¹
254 4373 337 4423 nunu
349 4387 387 4422 tn.
398 4377 436 4422 60.
449 4387 478 4422 aa
911 4375 980 4422 Wolt
989 4376 1014 4422 in
1025 4375 1087 4423 Edit
1101 4375 1209 4432 lemairc,
1222 4375 1292 4423 volu
1304 4377 1388 4435 nist.
