<?xml version="1.0" encoding="UTF-8"?>
<!DOCTYPE html PUBLIC "-//W3C//DTD XHTML 1.0 Transitional//EN"
    "http://www.w3.org/TR/xhtml1/DTD/xhtml1-transitional.dtd">
<html xmlns="http://www.w3.org/1999/xhtml" xml:lang="en" lang="en">
 <head>
  <title>
</title>
<meta http-equiv="Content-Type" content="text/html;charset=utf-8" />
  <meta name='ocr-system' content='tesseract 3.04.00' />
  <meta name='ocr-capabilities' content='ocr_page ocr_carea ocr_par ocr_line ocrx_word'/>
</head>
<body>
  <div class='ocr_page' id='page_1' title='image "./fasciculusinscr01kenngoog_0400.png"; bbox 0 0 3956 5248; ppageno 0'>
   <div class='ocr_carea' id='block_1_1' title="bbox 173 554 1561 644">
    <p class='ocr_par' dir='ltr' id='par_1_1' title="bbox 173 554 1561 644">
     <span class='ocr_line' id='line_1_1' title="bbox 173 554 1561 644; baseline 0.012 -28"><span class='ocrx_word' id='word_1_1' title='bbox 173 554 581 644; x_wconf 81' lang='lat' dir='ltr'><strong>mscn.cr.xr11.,otxv111.]</strong></span> <span class='ocrx_word' id='word_1_2' title='bbox 783 557 955 624; x_wconf 88' lang='lat' dir='ltr'><strong>KULAH.</strong></span> <span class='ocrx_word' id='word_1_3' title='bbox 1501 567 1561 632; x_wconf 87' lang='lat'><strong>381</strong></span> 
     </span>
    </p>
   </div>
   <div class='ocr_carea' id='block_1_2' title="bbox 172 736 1561 938">
    <p class='ocr_par' dir='ltr' id='par_1_2' title="bbox 172 736 1561 938">
     <span class='ocr_line' id='line_1_2' title="bbox 173 736 1561 833; baseline 0.012 -31"><span class='ocrx_word' id='word_1_4' title='bbox 173 736 281 824; x_wconf 86' lang='lat' dir='ltr'><strong>liquet.</strong></span> <span class='ocrx_word' id='word_1_5' title='bbox 330 737 459 808; x_wconf 77' lang='grc' dir='ltr'>Εὗδοκεῖ</span> <span class='ocrx_word' id='word_1_6' title='bbox 484 739 580 808; x_wconf 78' lang='lat' dir='ltr'><strong>habet</strong></span> <span class='ocrx_word' id='word_1_7' title='bbox 595 740 804 820; x_wconf 66' lang='lat' dir='ltr'><strong>Plutarchus,</strong></span> <span class='ocrx_word' id='word_1_8' title='bbox 820 743 854 809; x_wconf 91' lang='lat' dir='ltr'><strong>in</strong></span> <span class='ocrx_word' id='word_1_9' title='bbox 872 743 983 812; x_wconf 82' lang='lat' dir='ltr'><strong>eodem</strong></span> <span class='ocrx_word' id='word_1_10' title='bbox 1003 768 1095 812; x_wconf 88' lang='lat' dir='ltr'><strong>sensu</strong></span> <span class='ocrx_word' id='word_1_11' title='bbox 1121 771 1157 812; x_wconf 84' lang='lat' dir='ltr'><strong>ac</strong></span> <span class='ocrx_word' id='word_1_12' title='bbox 1177 745 1346 833; x_wconf 69' lang='grc' dir='ltr'>εὐδοκιμεῖς</span> <span class='ocrx_word' id='word_1_13' title='bbox 1369 772 1420 814; x_wconf 87' lang='lat' dir='ltr'><strong>ex.</strong></span> <span class='ocrx_word' id='word_1_14' title='bbox 1432 773 1459 815; x_wconf 91' lang='lat' dir='ltr'><strong>c.</strong></span> <span class='ocrx_word' id='word_1_15' title='bbox 1476 749 1519 818; x_wconf 88' lang='grc' dir='ltr'><strong>Ἢ</strong></span> <span class='ocrx_word' id='word_1_16' title='bbox 1537 757 1561 820; x_wconf 80' lang='grc' dir='ltr'><strong>εἰ</strong></span> 
     </span>
     <span class='ocr_line' id='line_1_3' title="bbox 172 845 1029 938; baseline 0 -25"><span class='ocrx_word' id='word_1_17' title='bbox 172 851 208 914; x_wconf 79' lang='grc' dir='ltr'><strong>τὸ</strong></span> <span class='ocrx_word' id='word_1_18' title='bbox 222 851 372 935; x_wconf 72' lang='grc' dir='ltr'><strong>μέγιστον</strong></span> <span class='ocrx_word' id='word_1_19' title='bbox 388 845 513 924; x_wconf 77' lang='grc' dir='ltr'><strong>εὐδοκεῖ,</strong></span> <span class='ocrx_word' id='word_1_20' title='bbox 528 850 565 916; x_wconf 80' lang='grc' dir='ltr'><strong>τὸ</strong></span> <span class='ocrx_word' id='word_1_21' title='bbox 576 847 651 932; x_wconf 74' lang='grc' dir='ltr'>μηδὲ</span> <span class='ocrx_word' id='word_1_22' title='bbox 667 850 754 925; x_wconf 82' lang='grc' dir='ltr'><strong>ὅλως</strong></span> <span class='ocrx_word' id='word_1_23' title='bbox 767 860 887 938; x_wconf 71' lang='grc' dir='ltr'>τροφῆς</span> <span class='ocrx_word' id='word_1_24' title='bbox 903 848 1029 918; x_wconf 74' lang='grc' dir='ltr'><strong>δεῖσθαι.</strong></span> 
     </span>
    </p>
   </div>
   <div class='ocr_carea' id='block_1_3' title="bbox 770 1090 962 1157">
    <p class='ocr_par' dir='ltr' id='par_1_3' title="bbox 770 1090 962 1157">
     <span class='ocr_line' id='line_1_4' title="bbox 770 1090 962 1157; baseline 0 -1"><span class='ocrx_word' id='word_1_25' title='bbox 770 1090 962 1157; x_wconf 86' lang='lat' dir='ltr'>CLXVIII.</span> 
     </span>
    </p>
   </div>
   <div class='ocr_carea' id='block_1_4' title="bbox 164 1233 1558 2492">
    <p class='ocr_par' dir='ltr' id='par_1_4' title="bbox 164 1233 1558 2492">
     <span class='ocr_line' id='line_1_5' title="bbox 164 1233 1558 1325; baseline -0.004 -19"><span class='ocrx_word' id='word_1_26' title='bbox 164 1233 167 1240; x_wconf 45' lang='lat'>¹</span> <span class='ocrx_word' id='word_1_27' title='bbox 238 1243 268 1306; x_wconf 90' lang='grc'><strong>1.</strong></span> <span class='ocrx_word' id='word_1_28' title='bbox 294 1244 435 1325; x_wconf 80' lang='grc' dir='ltr'><strong>Χαῖροις.</strong></span> <span class='ocrx_word' id='word_1_29' title='bbox 472 1235 564 1304; x_wconf 84' lang='lat' dir='ltr'><strong>conf.</strong></span> <span class='ocrx_word' id='word_1_30' title='bbox 581 1235 691 1324; x_wconf 81' lang='lat' dir='ltr'><strong>Epigr.</strong></span> <span class='ocrx_word' id='word_1_31' title='bbox 706 1234 835 1301; x_wconf 85' lang='lat' dir='ltr'><strong>Archioe</strong></span> <span class='ocrx_word' id='word_1_32' title='bbox 855 1233 889 1299; x_wconf 90' lang='lat' dir='ltr'><strong>in</strong></span> <span class='ocrx_word' id='word_1_33' title='bbox 910 1233 1082 1299; x_wconf 78' lang='lat' dir='ltr'><strong>Analectt.²</strong></span> <span class='ocrx_word' id='word_1_34' title='bbox 1126 1235 1288 1322; x_wconf 78' lang='grc' dir='ltr'>Παροδῖτα</span> <span class='ocrx_word' id='word_1_35' title='bbox 1302 1237 1418 1303; x_wconf 90' lang='lat' dir='ltr'><strong>dicitur</strong></span> <span class='ocrx_word' id='word_1_36' title='bbox 1438 1235 1558 1303; x_wconf 83' lang='lat' dir='ltr'><strong>solenni</strong></span> 
     </span>
     <span class='ocr_line' id='line_1_6' title="bbox 171 1337 1556 1433; baseline -0.003 -21"><span class='ocrx_word' id='word_1_37' title='bbox 171 1370 279 1412; x_wconf 81' lang='lat' dir='ltr'><strong>more:</strong></span> <span class='ocrx_word' id='word_1_38' title='bbox 301 1343 382 1410; x_wconf 89' lang='lat' dir='ltr'><strong>conf.</strong></span> <span class='ocrx_word' id='word_1_39' title='bbox 405 1367 488 1433; x_wconf 90' lang='lat' dir='ltr'><strong>supr.</strong></span> <span class='ocrx_word' id='word_1_40' title='bbox 514 1341 625 1431; x_wconf 74' lang='lat' dir='ltr'><strong>fragm.</strong></span> <span class='ocrx_word' id='word_1_41' title='bbox 646 1361 756 1406; x_wconf 84' lang='lat' dir='ltr'><strong>cxx1v.</strong></span> <span class='ocrx_word' id='word_1_42' title='bbox 773 1343 802 1404; x_wconf 80' lang='lat'><strong>2.</strong></span> <span class='ocrx_word' id='word_1_43' title='bbox 819 1337 942 1406; x_wconf 75' lang='lat' dir='ltr'><strong>Biiclrh.</strong></span> <span class='ocrx_word' id='word_1_44' title='bbox 958 1363 990 1404; x_wconf 90' lang='lat' dir='ltr'><strong>n.</strong></span> <span class='ocrx_word' id='word_1_45' title='bbox 1008 1341 1101 1404; x_wconf 78' lang='lat'><strong>3272.</strong></span> <span class='ocrx_word' id='word_1_46' title='bbox 1119 1343 1147 1404; x_wconf 81' lang='lat'><strong>7.</strong></span> <span class='ocrx_word' id='word_1_47' title='bbox 1162 1354 1195 1406; x_wconf 86' lang='lat' dir='ltr'><strong>et</strong></span> <span class='ocrx_word' id='word_1_48' title='bbox 1209 1341 1247 1406; x_wconf 85' lang='lat' dir='ltr'><strong>cl.</strong></span> <span class='ocrx_word' id='word_1_49' title='bbox 1292 1341 1401 1410; x_wconf 82' lang='lat' dir='ltr'><strong>Verba</strong></span> <span class='ocrx_word' id='word_1_50' title='bbox 1423 1343 1457 1407; x_wconf 91' lang='lat' dir='ltr'><strong>in</strong></span> <span class='ocrx_word' id='word_1_51' title='bbox 1480 1367 1510 1409; x_wconf 83' lang='lat' dir='ltr'><strong>r.</strong></span> <span class='ocrx_word' id='word_1_52' title='bbox 1527 1345 1556 1408; x_wconf 84' lang='lat'><strong>5.</strong></span> 
     </span>
     <span class='ocr_line' id='line_1_7' title="bbox 172 1446 1557 1538; baseline -0.006 -19"><span class='ocrx_word' id='word_1_53' title='bbox 172 1455 300 1530; x_wconf 76' lang='grc' dir='ltr'>νεότητα</span> <span class='ocrx_word' id='word_1_54' title='bbox 314 1453 486 1538; x_wconf 73' lang='grc' dir='ltr'><em>ἐνέγραψεν</em></span> <span class='ocrx_word' id='word_1_55' title='bbox 501 1447 642 1536; x_wconf 85' lang='lat' dir='ltr'><strong>explicui</strong></span> <span class='ocrx_word' id='word_1_56' title='bbox 666 1447 701 1512; x_wconf 91' lang='lat' dir='ltr'><strong>in</strong></span> <span class='ocrx_word' id='word_1_57' title='bbox 721 1447 800 1514; x_wconf 90' lang='lat' dir='ltr'><strong>VV.</strong></span> <span class='ocrx_word' id='word_1_58' title='bbox 813 1446 881 1512; x_wconf 89' lang='lat' dir='ltr'><strong>LL.</strong></span> <span class='ocrx_word' id='word_1_59' title='bbox 926 1446 1090 1513; x_wconf 79' lang='lat' dir='ltr'><strong>Habemus</strong></span> <span class='ocrx_word' id='word_1_60' title='bbox 1116 1447 1217 1534; x_wconf 90' lang='lat' dir='ltr'><strong>(quod</strong></span> <span class='ocrx_word' id='word_1_61' title='bbox 1240 1447 1343 1532; x_wconf 81' lang='lat' dir='ltr'><strong>siunt)</strong></span> <span class='ocrx_word' id='word_1_62' title='bbox 1369 1450 1557 1516; x_wconf 81' lang='lat' dir='ltr'><strong>obstrsotum</strong></span> 
     </span>
     <span class='ocr_line' id='line_1_8' title="bbox 173 1551 1554 1645; baseline -0.001 -24"><span class='ocrx_word' id='word_1_63' title='bbox 173 1581 230 1645; x_wconf 91' lang='lat' dir='ltr'><strong>pro</strong></span> <span class='ocrx_word' id='word_1_64' title='bbox 250 1567 406 1632; x_wconf 76' lang='lat' dir='ltr'><strong>concreto,</strong></span> <span class='ocrx_word' id='word_1_65' title='bbox 427 1559 509 1630; x_wconf 77' lang='grc' dir='ltr'>νέαν,</span> <span class='ocrx_word' id='word_1_66' title='bbox 522 1553 672 1642; x_wconf 81' lang='lat' dir='ltr'><strong>jttvenem,</strong></span> <span class='ocrx_word' id='word_1_67' title='bbox 692 1554 781 1639; x_wconf 86' lang='lat' dir='ltr'><strong>cujus</strong></span> <span class='ocrx_word' id='word_1_68' title='bbox 804 1551 1020 1641; x_wconf 79' lang='lat' dir='ltr'><strong>anaglyphum</strong></span> <span class='ocrx_word' id='word_1_69' title='bbox 1043 1555 1212 1640; x_wconf 78' lang='lat' dir='ltr'>apparebat</span> <span class='ocrx_word' id='word_1_70' title='bbox 1232 1551 1265 1617; x_wconf 89' lang='lat' dir='ltr'><strong>in</strong></span> <span class='ocrx_word' id='word_1_71' title='bbox 1280 1577 1357 1618; x_wconf 76' lang='lat' dir='ltr'><strong>saxo</strong></span> <span class='ocrx_word' id='word_1_72' title='bbox 1381 1554 1465 1620; x_wconf 90' lang='lat' dir='ltr'><strong>unde</strong></span> <span class='ocrx_word' id='word_1_73' title='bbox 1480 1554 1554 1620; x_wconf 85' lang='lat' dir='ltr'><strong>titu-</strong></span> 
     </span>
     <span class='ocr_line' id='line_1_9' title="bbox 169 1657 1555 1748; baseline -0.001 -20"><span class='ocrx_word' id='word_1_74' title='bbox 169 1665 237 1729; x_wconf 92' lang='lat' dir='ltr'><strong>lum</strong></span> <span class='ocrx_word' id='word_1_75' title='bbox 260 1657 427 1748; x_wconf 81' lang='lat' dir='ltr'>desumpsi.</span> <span class='ocrx_word' id='word_1_76' title='bbox 472 1658 558 1725; x_wconf 84' lang='lat' dir='ltr'><strong>Dein</strong></span> <span class='ocrx_word' id='word_1_77' title='bbox 583 1673 783 1725; x_wconf 83' lang='lat' dir='ltr'><strong>recensentur</strong></span> <span class='ocrx_word' id='word_1_78' title='bbox 805 1659 933 1724; x_wconf 82' lang='lat' dir='ltr'><strong>nomina</strong></span> <span class='ocrx_word' id='word_1_79' title='bbox 947 1683 1055 1724; x_wconf 89' lang='lat' dir='ltr'><strong>eorum</strong></span> <span class='ocrx_word' id='word_1_80' title='bbox 1070 1682 1203 1746; x_wconf 90' lang='lat' dir='ltr'><strong>quorum</strong></span> <span class='ocrx_word' id='word_1_81' title='bbox 1227 1682 1287 1724; x_wconf 89' lang='lat' dir='ltr'><strong>aere</strong></span> <span class='ocrx_word' id='word_1_82' title='bbox 1313 1659 1465 1726; x_wconf 80' lang='lat' dir='ltr'><strong>collatitio</strong></span> <span class='ocrx_word' id='word_1_83' title='bbox 1488 1685 1555 1748; x_wconf 89' lang='lat' dir='ltr'><strong>per-</strong></span> 
     </span>
     <span class='ocr_line' id='line_1_10' title="bbox 169 1765 1556 1856; baseline -0.003 -20"><span class='ocrx_word' id='word_1_84' title='bbox 169 1771 288 1836; x_wconf 83' lang='lat' dir='ltr'><strong>fectum</strong></span> <span class='ocrx_word' id='word_1_85' title='bbox 301 1765 404 1834; x_wconf 79' lang='lat' dir='ltr'><strong>fueret</strong></span> <span class='ocrx_word' id='word_1_86' title='bbox 418 1789 505 1856; x_wconf 88' lang='lat' dir='ltr'><strong>opus,</strong></span> <span class='ocrx_word' id='word_1_87' title='bbox 520 1765 675 1846; x_wconf 79' lang='lat' dir='ltr'><strong>Paederos,</strong></span> <span class='ocrx_word' id='word_1_88' title='bbox 693 1765 823 1856; x_wconf 76' lang='lat' dir='ltr'><strong>Glykia‚</strong></span> <span class='ocrx_word' id='word_1_89' title='bbox 838 1779 896 1834; x_wconf 88' lang='lat' dir='ltr'><strong>cto.</strong></span> <span class='ocrx_word' id='word_1_90' title='bbox 941 1767 981 1831; x_wconf 92' lang='lat' dir='ltr'><strong>In</strong></span> <span class='ocrx_word' id='word_1_91' title='bbox 995 1791 1025 1832; x_wconf 83' lang='lat' dir='ltr'><strong>v.</strong></span> <span class='ocrx_word' id='word_1_92' title='bbox 1039 1769 1067 1832; x_wconf 87' lang='lat'><strong>9.</strong></span> <span class='ocrx_word' id='word_1_93' title='bbox 1084 1765 1216 1832; x_wconf 81' lang='lat' dir='ltr'><strong>distinxi</strong></span> <span class='ocrx_word' id='word_1_94' title='bbox 1230 1781 1302 1855; x_wconf 84' lang='lat' dir='ltr'><strong>post</strong></span> <span class='ocrx_word' id='word_1_95' title='bbox 1316 1769 1416 1856; x_wconf 78' lang='grc' dir='ltr'><strong>Τύχη.</strong></span> <span class='ocrx_word' id='word_1_96' title='bbox 1460 1767 1556 1833; x_wconf 86' lang='lat' dir='ltr'><strong>Pote-</strong></span> 
     </span>
     <span class='ocr_line' id='line_1_11' title="bbox 170 1873 1557 1966; baseline -0.006 -18"><span class='ocrx_word' id='word_1_97' title='bbox 170 1903 237 1948; x_wconf 76' lang='lat' dir='ltr'><strong>ram</strong></span> <span class='ocrx_word' id='word_1_98' title='bbox 262 1890 333 1966; x_wconf 87' lang='lat' dir='ltr'><strong>post</strong></span> <span class='ocrx_word' id='word_1_99' title='bbox 354 1879 504 1965; x_wconf 76' lang='grc' dir='ltr'>ἔγγονον,</span> <span class='ocrx_word' id='word_1_100' title='bbox 530 1875 591 1941; x_wconf 91' lang='lat' dir='ltr'><strong>hoc</strong></span> <span class='ocrx_word' id='word_1_101' title='bbox 615 1888 671 1955; x_wconf 87' lang='lat' dir='ltr'><strong>cst,</strong></span> <span class='ocrx_word' id='word_1_102' title='bbox 696 1878 873 1962; x_wconf 72' lang='grc' dir='ltr'><strong><em>ἐνέγραψαν</em></strong></span> <span class='ocrx_word' id='word_1_103' title='bbox 894 1877 977 1963; x_wconf 76' lang='grc' dir='ltr'><strong>ἔγγ.,</strong></span> <span class='ocrx_word' id='word_1_104' title='bbox 997 1887 1034 1939; x_wconf 91' lang='lat' dir='ltr'><strong>ut</strong></span> <span class='ocrx_word' id='word_1_105' title='bbox 1057 1873 1102 1940; x_wconf 80' lang='lat' dir='ltr'><strong>its</strong></span> <span class='ocrx_word' id='word_1_106' title='bbox 1124 1873 1273 1962; x_wconf 85' lang='lat' dir='ltr'><strong>procedat</strong></span> <span class='ocrx_word' id='word_1_107' title='bbox 1295 1898 1378 1940; x_wconf 82' lang='lat' dir='ltr'><strong>novo</strong></span> <span class='ocrx_word' id='word_1_108' title='bbox 1402 1873 1557 1940; x_wconf 81' lang='lat' dir='ltr'><strong>sententis</strong></span> 
     </span>
     <span class='ocr_line' id='line_1_12' title="bbox 171 1979 1556 2072; baseline -0.007 -18"><span class='ocrx_word' id='word_1_109' title='bbox 171 1985 319 2072; x_wconf 77' lang='grc' dir='ltr'><strong><em>ἐτίμησᾶν</em></strong></span> <span class='ocrx_word' id='word_1_110' title='bbox 341 2011 373 2050; x_wconf 82' lang='grc' dir='ltr'><strong>τε</strong></span> <span class='ocrx_word' id='word_1_111' title='bbox 395 1987 462 2067; x_wconf 81' lang='grc' dir='ltr'><em>μέν,</em></span> <span class='ocrx_word' id='word_1_112' title='bbox 486 1993 545 2048; x_wconf 90' lang='lat' dir='ltr'><strong>etc.</strong></span> <span class='ocrx_word' id='word_1_113' title='bbox 591 1981 655 2048; x_wconf 90' lang='lat' dir='ltr'><strong>Sed</strong></span> <span class='ocrx_word' id='word_1_114' title='bbox 677 2005 786 2048; x_wconf 82' lang='lat' dir='ltr'><strong>revers</strong></span> <span class='ocrx_word' id='word_1_115' title='bbox 807 1980 904 2047; x_wconf 85' lang='lat' dir='ltr'><strong>orstio</strong></span> <span class='ocrx_word' id='word_1_116' title='bbox 930 1994 977 2046; x_wconf 87' lang='lat' dir='ltr'><strong>cst</strong></span> <span class='ocrx_word' id='word_1_117' title='bbox 1001 2005 1044 2047; x_wconf 88' lang='lat' dir='ltr'><strong>ex</strong></span> <span class='ocrx_word' id='word_1_118' title='bbox 1068 1979 1237 2046; x_wconf 86' lang='lat' dir='ltr'><strong>inconditis</strong></span> <span class='ocrx_word' id='word_1_119' title='bbox 1263 1980 1367 2066; x_wconf 79' lang='lat' dir='ltr'><strong>quood</strong></span> <span class='ocrx_word' id='word_1_120' title='bbox 1390 1979 1498 2046; x_wconf 86' lang='lat' dir='ltr'><strong>stilum</strong></span> <span class='ocrx_word' id='word_1_121' title='bbox 1524 1995 1556 2044; x_wconf 87' lang='lat' dir='ltr'><strong>et</strong></span> 
     </span>
     <span class='ocr_line' id='line_1_13' title="bbox 169 2085 1554 2172; baseline -0.003 -17"><span class='ocrx_word' id='word_1_122' title='bbox 169 2103 314 2156; x_wconf 84' lang='lat' dir='ltr'><strong>metrum.</strong></span> <span class='ocrx_word' id='word_1_123' title='bbox 364 2086 405 2152; x_wconf 93' lang='lat' dir='ltr'><strong>In</strong></span> <span class='ocrx_word' id='word_1_124' title='bbox 429 2086 528 2154; x_wconf 88' lang='lat' dir='ltr'><strong>tribus</strong></span> <span class='ocrx_word' id='word_1_125' title='bbox 553 2085 694 2153; x_wconf 88' lang='lat' dir='ltr'><strong>versibus</strong></span> <span class='ocrx_word' id='word_1_126' title='bbox 718 2087 814 2156; x_wconf 85' lang='lat'>9-11.</span> <span class='ocrx_word' id='word_1_127' title='bbox 831 2085 886 2172; x_wconf 92' lang='lat' dir='ltr'><strong>qui</strong></span> <span class='ocrx_word' id='word_1_128' title='bbox 910 2085 1041 2152; x_wconf 90' lang='lat' dir='ltr'><strong>titulum</strong></span> <span class='ocrx_word' id='word_1_129' title='bbox 1065 2085 1226 2164; x_wconf 80' lang='lat' dir='ltr'><strong>claudunt,</strong></span> <span class='ocrx_word' id='word_1_130' title='bbox 1251 2085 1382 2172; x_wconf 81' lang='lat' dir='ltr'><strong>disjecta</strong></span> <span class='ocrx_word' id='word_1_131' title='bbox 1406 2087 1554 2152; x_wconf 77' lang='lat' dir='ltr'><strong>hexame-</strong></span> 
     </span>
     <span class='ocr_line' id='line_1_14' title="bbox 169 2190 1554 2278; baseline -0.003 -16"><span class='ocrx_word' id='word_1_132' title='bbox 169 2209 289 2262; x_wconf 80' lang='lat' dir='ltr'>trorum</span> <span class='ocrx_word' id='word_1_133' title='bbox 314 2191 455 2258; x_wconf 81' lang='lat' dir='ltr'><strong>membrs</strong></span> <span class='ocrx_word' id='word_1_134' title='bbox 476 2191 652 2258; x_wconf 82' lang='lat' dir='ltr'><strong>cernimus:</strong></span> <span class='ocrx_word' id='word_1_135' title='bbox 682 2191 752 2258; x_wconf 80' lang='lat' dir='ltr'><strong>Hos</strong></span> <span class='ocrx_word' id='word_1_136' title='bbox 766 2191 886 2278; x_wconf 84' lang='lat' dir='ltr'><strong>(inquit</strong></span> <span class='ocrx_word' id='word_1_137' title='bbox 907 2190 1085 2278; x_wconf 75' lang='lat' dir='ltr'><strong>Bdolrhius)</strong></span> <span class='ocrx_word' id='word_1_138' title='bbox 1101 2215 1187 2259; x_wconf 71' lang='lat' dir='ltr'><strong>ncnc</strong></span> <span class='ocrx_word' id='word_1_139' title='bbox 1210 2193 1244 2256; x_wconf 78' lang='lat' dir='ltr'><strong>in</strong></span> <span class='ocrx_word' id='word_1_140' title='bbox 1263 2193 1399 2259; x_wconf 71' lang='lat' dir='ltr'><strong>ordinm</strong></span> <span class='ocrx_word' id='word_1_141' title='bbox 1419 2193 1554 2277; x_wconf 72' lang='lat' dir='ltr'><strong>rcdiqerc</strong></span> 
     </span>
     <span class='ocr_line' id='line_1_15' title="bbox 166 2297 1549 2368; baseline -0.004 0"><span class='ocrx_word' id='word_1_142' title='bbox 166 2301 307 2368; x_wconf 68' lang='lat' dir='ltr'><strong>mucbt&#39;t:</strong></span> <span class='ocrx_word' id='word_1_143' title='bbox 329 2298 446 2364; x_wconf 91' lang='lat' dir='ltr'><strong>idcirco</strong></span> <span class='ocrx_word' id='word_1_144' title='bbox 461 2297 495 2362; x_wconf 91' lang='lat' dir='ltr'><strong>in</strong></span> <span class='ocrx_word' id='word_1_145' title='bbox 509 2297 692 2364; x_wconf 79' lang='lat' dir='ltr'><strong>minusculis</strong></span> <span class='ocrx_word' id='word_1_146' title='bbox 715 2299 873 2365; x_wconf 77' lang='lat' dir='ltr'><strong>abstinui:</strong></span> <span class='ocrx_word' id='word_1_147' title='bbox 896 2299 950 2365; x_wconf 91' lang='lat' dir='ltr'><strong>sed</strong></span> <span class='ocrx_word' id='word_1_148' title='bbox 973 2299 1047 2364; x_wconf 84' lang='lat' dir='ltr'><strong>vide</strong></span> <span class='ocrx_word' id='word_1_149' title='bbox 1069 2323 1173 2365; x_wconf 75' lang='lat' dir='ltr'><strong>annon</strong></span> <span class='ocrx_word' id='word_1_150' title='bbox 1199 2299 1299 2365; x_wconf 82' lang='lat' dir='ltr'><strong>Bavio</strong></span> <span class='ocrx_word' id='word_1_151' title='bbox 1325 2299 1463 2364; x_wconf 80' lang='lat' dir='ltr'><strong>Maeonio</strong></span> <span class='ocrx_word' id='word_1_152' title='bbox 1489 2298 1549 2362; x_wconf 92' lang='lat' dir='ltr'><strong>hoc</strong></span> 
     </span>
     <span class='ocr_line' id='line_1_16' title="bbox 169 2401 498 2492; baseline -0.012 -20"><span class='ocrx_word' id='word_1_153' title='bbox 169 2405 265 2472; x_wconf 87' lang='lat' dir='ltr'><strong>suerit</strong></span> <span class='ocrx_word' id='word_1_154' title='bbox 279 2401 473 2492; x_wconf 87' lang='lat' dir='ltr'><strong>propositum</strong></span> <span class='ocrx_word' id='word_1_155' title='bbox 488 2427 498 2480; x_wconf 76' lang='lat'>3</span> 
     </span>
    </p>
   </div>
   <div class='ocr_carea' id='block_1_5' title="bbox 494 2559 1221 2646">
    <p class='ocr_par' dir='ltr' id='par_1_5' title="bbox 494 2559 1221 2646">
     <span class='ocr_line' id='line_1_17' title="bbox 494 2559 1221 2646; baseline -0.003 -20"><span class='ocrx_word' id='word_1_156' title='bbox 494 2564 661 2645; x_wconf 78' lang='grc' dir='ltr'><strong>Τιμογενῖς</strong></span> <span class='ocrx_word' id='word_1_157' title='bbox 676 2564 707 2626; x_wconf 65' lang='lat' dir='ltr'><strong>tri</strong></span> <span class='ocrx_word' id='word_1_158' title='bbox 723 2561 812 2646; x_wconf 78' lang='grc' dir='ltr'><strong>Τύχη</strong></span> <span class='ocrx_word' id='word_1_159' title='bbox 827 2561 884 2637; x_wconf 83' lang='grc' dir='ltr'><strong>τὴν</strong></span> <span class='ocrx_word' id='word_1_160' title='bbox 899 2559 1038 2646; x_wconf 75' lang='grc' dir='ltr'><em>’ἔγγονον</em></span> <span class='ocrx_word' id='word_1_161' title='bbox 1053 2563 1221 2644; x_wconf 70' lang='grc' dir='ltr'><strong>ἐτείμησαν.</strong></span> 
     </span>
    </p>
   </div>
   <div class='ocr_carea' id='block_1_6' title="bbox 162 2744 1553 4116">
    <p class='ocr_par' dir='ltr' id='par_1_6' title="bbox 169 2744 1553 2944">
     <span class='ocr_line' id='line_1_18' title="bbox 228 2744 1553 2838; baseline -0.005 -20"><span class='ocrx_word' id='word_1_162' title='bbox 228 2751 396 2838; x_wconf 82' lang='grc' dir='ltr'><strong>Ἔγγονον</strong></span> <span class='ocrx_word' id='word_1_163' title='bbox 410 2747 463 2812; x_wconf 89' lang='lat' dir='ltr'><strong>hic</strong></span> <span class='ocrx_word' id='word_1_164' title='bbox 476 2745 569 2812; x_wconf 87' lang='lat' dir='ltr'><strong>metri</strong></span> <span class='ocrx_word' id='word_1_165' title='bbox 586 2745 626 2834; x_wconf 83' lang='lat' dir='ltr'><strong>(si</strong></span> <span class='ocrx_word' id='word_1_166' title='bbox 641 2745 701 2811; x_wconf 87' lang='lat' dir='ltr'><strong>diis</strong></span> <span class='ocrx_word' id='word_1_167' title='bbox 715 2745 833 2833; x_wconf 84' lang='lat' dir='ltr'><strong>placet)</strong></span> <span class='ocrx_word' id='word_1_168' title='bbox 848 2767 941 2810; x_wconf 76' lang='lat' dir='ltr'><strong>causa</strong></span> <span class='ocrx_word' id='word_1_169' title='bbox 962 2768 1020 2832; x_wconf 90' lang='lat' dir='ltr'><strong>pro</strong></span> <span class='ocrx_word' id='word_1_170' title='bbox 1045 2747 1184 2833; x_wconf 75' lang='grc' dir='ltr'><strong><em>ἐγγόνην</em></strong></span> <span class='ocrx_word' id='word_1_171' title='bbox 1199 2744 1345 2832; x_wconf 82' lang='lat' dir='ltr'><strong>positum,</strong></span> <span class='ocrx_word' id='word_1_172' title='bbox 1361 2745 1446 2832; x_wconf 91' lang='lat' dir='ltr'><strong>quod</strong></span> <span class='ocrx_word' id='word_1_173' title='bbox 1460 2745 1553 2812; x_wconf 86' lang='lat' dir='ltr'><strong>rideo</strong></span> 
     </span>
     <span class='ocr_line' id='line_1_19' title="bbox 169 2851 1496 2944; baseline -0.006 -21"><span class='ocrx_word' id='word_1_174' title='bbox 169 2856 384 2944; x_wconf 79' lang='lat' dir='ltr'><strong>comprobasse</strong></span> <span class='ocrx_word' id='word_1_175' title='bbox 400 2851 584 2920; x_wconf 81' lang='lat' dir='ltr'><strong>Passovium</strong></span> <span class='ocrx_word' id='word_1_176' title='bbox 598 2853 651 2919; x_wconf 88' lang='lat' dir='ltr'><strong>vel</strong></span> <span class='ocrx_word' id='word_1_177' title='bbox 664 2852 698 2918; x_wconf 89' lang='lat' dir='ltr'><strong>in</strong></span> <span class='ocrx_word' id='word_1_178' title='bbox 713 2851 852 2918; x_wconf 80' lang='lat' dir='ltr'><strong>oratione</strong></span> <span class='ocrx_word' id='word_1_179' title='bbox 867 2851 976 2930; x_wconf 81' lang='lat' dir='ltr'><strong>soluts,</strong></span> <span class='ocrx_word' id='word_1_180' title='bbox 991 2852 1087 2918; x_wconf 75' lang='lat' dir='ltr'><strong>citato</strong></span> <span class='ocrx_word' id='word_1_181' title='bbox 1102 2851 1265 2918; x_wconf 73' lang='lat' dir='ltr'><strong>Plutarchi</strong></span> <span class='ocrx_word' id='word_1_182' title='bbox 1281 2851 1434 2918; x_wconf 83' lang='lat' dir='ltr'><strong>Themist.</strong></span> <span class='ocrx_word' id='word_1_183' title='bbox 1447 2872 1496 2916; x_wconf 89' lang='lat'>111.</span> 
     </span>
    </p>

    <p class='ocr_par' dir='ltr' id='par_1_7' title="bbox 162 2957 1551 4116">
     <span class='ocr_line' id='line_1_20' title="bbox 234 2957 1551 3044; baseline -0.003 -16"><span class='ocrx_word' id='word_1_184' title='bbox 234 2961 298 3028; x_wconf 90' lang='lat' dir='ltr'><strong>Sed</strong></span> <span class='ocrx_word' id='word_1_185' title='bbox 323 2960 419 3025; x_wconf 74' lang='lat' dir='ltr'><strong>instar</strong></span> <span class='ocrx_word' id='word_1_186' title='bbox 434 2957 575 3024; x_wconf 88' lang='lat' dir='ltr'><strong>omnium</strong></span> <span class='ocrx_word' id='word_1_187' title='bbox 589 2981 640 3023; x_wconf 90' lang='lat' dir='ltr'><strong>mc</strong></span> <span class='ocrx_word' id='word_1_188' title='bbox 654 2973 761 3024; x_wconf 85' lang='lat' dir='ltr'><strong>movet</strong></span> <span class='ocrx_word' id='word_1_189' title='bbox 772 2958 806 3024; x_wconf 88' lang='lat' dir='ltr'><strong>in</strong></span> <span class='ocrx_word' id='word_1_190' title='bbox 821 2957 880 3023; x_wconf 93' lang='lat' dir='ltr'><strong>hoc</strong></span> <span class='ocrx_word' id='word_1_191' title='bbox 895 2957 1098 3044; x_wconf 87' lang='lat' dir='ltr'><strong>inscriptione</strong></span> <span class='ocrx_word' id='word_1_192' title='bbox 1113 2957 1231 3023; x_wconf 89' lang='lat' dir='ltr'><strong>mentio</strong></span> <span class='ocrx_word' id='word_1_193' title='bbox 1246 2957 1327 3023; x_wconf 78' lang='lat' dir='ltr'><strong>facts</strong></span> <span class='ocrx_word' id='word_1_194' title='bbox 1341 2957 1502 3022; x_wconf 85' lang='lat' dir='ltr'><strong>Maeonum</strong></span> <span class='ocrx_word' id='word_1_195' title='bbox 1517 2958 1551 3024; x_wconf 92' lang='lat' dir='ltr'><strong>in</strong></span> 
     </span>
     <span class='ocr_line' id='line_1_21' title="bbox 169 3062 1551 3154; baseline -0.004 -21"><span class='ocrx_word' id='word_1_196' title='bbox 169 3071 241 3148; x_wconf 82' lang='lat'><strong>7-8,</strong></span> <span class='ocrx_word' id='word_1_197' title='bbox 286 3066 340 3133; x_wconf 91' lang='lat' dir='ltr'><strong>Sic</strong></span> <span class='ocrx_word' id='word_1_198' title='bbox 354 3079 387 3132; x_wconf 86' lang='lat' dir='ltr'><strong>ct</strong></span> <span class='ocrx_word' id='word_1_199' title='bbox 399 3065 434 3130; x_wconf 93' lang='lat' dir='ltr'><strong>in</strong></span> <span class='ocrx_word' id='word_1_200' title='bbox 445 3087 612 3154; x_wconf 82' lang='lat' dir='ltr'><strong>praegresss</strong></span> <span class='ocrx_word' id='word_1_201' title='bbox 626 3085 718 3129; x_wconf 76' lang='lat' dir='ltr'><strong>ctxv.</strong></span> <span class='ocrx_word' id='word_1_202' title='bbox 763 3063 886 3130; x_wconf 79' lang='lat' dir='ltr'><strong>Indicis</strong></span> <span class='ocrx_word' id='word_1_203' title='bbox 899 3063 967 3129; x_wconf 66' lang='lat' dir='ltr'><strong>haec</strong></span> <span class='ocrx_word' id='word_1_204' title='bbox 982 3062 1168 3129; x_wconf 89' lang='lat' dir='ltr'><strong>crediderim</strong></span> <span class='ocrx_word' id='word_1_205' title='bbox 1191 3064 1299 3129; x_wconf 85' lang='lat' dir='ltr'><strong>sedem</strong></span> <span class='ocrx_word' id='word_1_206' title='bbox 1314 3063 1450 3150; x_wconf 79' lang='lat' dir='ltr'><strong>autiquae</strong></span> <span class='ocrx_word' id='word_1_207' title='bbox 1465 3063 1551 3128; x_wconf 87' lang='lat' dir='ltr'><strong>urbis</strong></span> 
     </span>
     <span class='ocr_line' id='line_1_22' title="bbox 167 3169 1550 3261; baseline -0.004 -22"><span class='ocrx_word' id='word_1_208' title='bbox 167 3196 318 3261; x_wconf 81' lang='lat' dir='ltr'><strong>occupare</strong></span> <span class='ocrx_word' id='word_1_209' title='bbox 335 3171 461 3248; x_wconf 82' lang='lat' dir='ltr'><strong>Kulsru,</strong></span> <span class='ocrx_word' id='word_1_210' title='bbox 485 3193 554 3256; x_wconf 83' lang='lat' dir='ltr'><strong>quae</strong></span> <span class='ocrx_word' id='word_1_211' title='bbox 570 3169 611 3234; x_wconf 81' lang='lat' dir='ltr'><strong>-in</strong></span> <span class='ocrx_word' id='word_1_212' title='bbox 625 3169 749 3236; x_wconf 80' lang='lat' dir='ltr'><strong>Notitic</strong></span> <span class='ocrx_word' id='word_1_213' title='bbox 768 3169 919 3258; x_wconf 84' lang='lat' dir='ltr'><strong>Episcop.</strong></span> <span class='ocrx_word' id='word_1_214' title='bbox 941 3169 1116 3258; x_wconf 73' lang='lat' dir='ltr'><strong>appellatur</strong></span> <span class='ocrx_word' id='word_1_215' title='bbox 1132 3176 1262 3246; x_wconf 75' lang='grc' dir='ltr'><em>Μεονία,</em></span> <span class='ocrx_word' id='word_1_216' title='bbox 1284 3169 1319 3236; x_wconf 87' lang='lat' dir='ltr'><strong>in</strong></span> <span class='ocrx_word' id='word_1_217' title='bbox 1334 3169 1456 3236; x_wconf 80' lang='lat' dir='ltr'><strong>Concil.</strong></span> <span class='ocrx_word' id='word_1_218' title='bbox 1472 3170 1550 3251; x_wconf 84' lang='lat' dir='ltr'><strong>Qui·</strong></span> 
     </span>
     <span class='ocr_line' id='line_1_23' title="bbox 166 3275 1550 3362; baseline -0.003 -17"><span class='ocrx_word' id='word_1_219' title='bbox 166 3279 300 3355; x_wconf 86' lang='lat' dir='ltr'><strong>nisexto,</strong></span> <span class='ocrx_word' id='word_1_220' title='bbox 317 3279 580 3355; x_wconf 73' lang='grc' dir='ltr'>Μαιονιτόπολις,</span> <span class='ocrx_word' id='word_1_221' title='bbox 597 3289 629 3342; x_wconf 89' lang='lat' dir='ltr'><strong>ct</strong></span> <span class='ocrx_word' id='word_1_222' title='bbox 643 3276 754 3343; x_wconf 80' lang='lat' dir='ltr'><strong>incolae</strong></span> <span class='ocrx_word' id='word_1_223' title='bbox 768 3277 858 3362; x_wconf 87' lang='lat' dir='ltr'><strong>cujus</strong></span> <span class='ocrx_word' id='word_1_224' title='bbox 873 3301 891 3342; x_wconf 78' lang='lat' dir='ltr'>a</span> <span class='ocrx_word' id='word_1_225' title='bbox 909 3275 1014 3342; x_wconf 91' lang='lat' dir='ltr'><strong>Plinio</strong></span> <span class='ocrx_word' id='word_1_226' title='bbox 1029 3290 1181 3343; x_wconf 84' lang='lat' dir='ltr'><strong>vocentur</strong></span> <span class='ocrx_word' id='word_1_227' title='bbox 1193 3275 1332 3342; x_wconf 88' lang='lat' dir='ltr'><strong>Maeonii.</strong></span> <span class='ocrx_word' id='word_1_228' title='bbox 1376 3277 1464 3344; x_wconf 84' lang='lat' dir='ltr'><strong>Bene</strong></span> <span class='ocrx_word' id='word_1_229' title='bbox 1479 3301 1550 3342; x_wconf 90' lang='lat' dir='ltr'><strong>con·</strong></span> 
     </span>
     <span class='ocr_line' id='line_1_24' title="bbox 167 3381 1551 3472; baseline -0.001 -22"><span class='ocrx_word' id='word_1_230' title='bbox 167 3384 253 3472; x_wconf 82' lang='lat' dir='ltr'><strong>gnrit</strong></span> <span class='ocrx_word' id='word_1_231' title='bbox 266 3383 301 3448; x_wconf 91' lang='lat' dir='ltr'><strong>in</strong></span> <span class='ocrx_word' id='word_1_232' title='bbox 315 3382 424 3471; x_wconf 78' lang='lat' dir='ltr'><strong>prImis</strong></span> <span class='ocrx_word' id='word_1_233' title='bbox 438 3381 515 3448; x_wconf 89' lang='lat' dir='ltr'><strong>situs</strong></span> <span class='ocrx_word' id='word_1_234' title='bbox 528 3381 757 3471; x_wconf 75' lang='lat' dir='ltr'><strong>geographicus</strong></span> <span class='ocrx_word' id='word_1_235' title='bbox 778 3381 900 3448; x_wconf 87' lang='lat' dir='ltr'><strong>disertis</strong></span> <span class='ocrx_word' id='word_1_236' title='bbox 915 3381 1018 3448; x_wconf 89' lang='lat' dir='ltr'><strong>verbis</strong></span> <span class='ocrx_word' id='word_1_237' title='bbox 1032 3405 1051 3447; x_wconf 81' lang='lat' dir='ltr'><strong>a</strong></span> <span class='ocrx_word' id='word_1_238' title='bbox 1065 3381 1185 3447; x_wconf 78' lang='lat' dir='ltr'><strong>Pliniob</strong></span> <span class='ocrx_word' id='word_1_239' title='bbox 1198 3381 1341 3460; x_wconf 72' lang='lat' dir='ltr'><strong>traditus,</strong></span> <span class='ocrx_word' id='word_1_240' title='bbox 1356 3406 1454 3468; x_wconf 92' lang='lat' dir='ltr'><strong>quum</strong></span> <span class='ocrx_word' id='word_1_241' title='bbox 1468 3383 1551 3450; x_wconf 78' lang='lat' dir='ltr'><strong>inter</strong></span> 
     </span>
     <span class='ocr_line' id='line_1_25' title="bbox 166 3482 1549 3588; baseline 0.001 -27"><span class='ocrx_word' id='word_1_242' title='bbox 166 3495 282 3585; x_wconf 75' lang='lat' dir='ltr'><strong>oppidu</strong></span> <span class='ocrx_word' id='word_1_243' title='bbox 296 3493 483 3560; x_wconf 65' lang='lat' dir='ltr'><strong>’Amatstir</strong></span> <span class='ocrx_word' id='word_1_244' title='bbox 495 3507 528 3562; x_wconf 83' lang='lat' dir='ltr'><strong>ct</strong></span> <span class='ocrx_word' id='word_1_245' title='bbox 542 3493 648 3560; x_wconf 68' lang='lat' dir='ltr'><strong>Ktlrd</strong></span> <span class='ocrx_word' id='word_1_246' title='bbox 662 3494 822 3560; x_wconf 78' lang='lat' dir='ltr'><strong>interfluat</strong></span> <span class='ocrx_word' id='word_1_247' title='bbox 835 3519 854 3559; x_wconf 83' lang='lat' dir='ltr'><strong>s</strong></span> <span class='ocrx_word' id='word_1_248' title='bbox 869 3493 983 3560; x_wconf 88' lang='lat' dir='ltr'><strong>Turcis</strong></span> <span class='ocrx_word' id='word_1_249' title='bbox 997 3493 1099 3560; x_wconf 85' lang='lat' dir='ltr'><strong>dictus</strong></span> <span class='ocrx_word' id='word_1_250' title='bbox 1115 3493 1215 3560; x_wconf 77' lang='lat' dir='ltr'><strong>amnis</strong></span> <span class='ocrx_word' id='word_1_251' title='bbox 1236 3482 1316 3585; x_wconf 50' lang='lat' dir='ltr'><strong>‘sign</strong></span> <span class='ocrx_word' id='word_1_252' title='bbox 1327 3496 1450 3588; x_wconf 40' lang='grc' dir='ltr'><strong>ὢν),</strong></span> <span class='ocrx_word' id='word_1_253' title='bbox 1464 3496 1490 3560; x_wconf 88' lang='lat' dir='ltr'><strong>is</strong></span> <span class='ocrx_word' id='word_1_254' title='bbox 1502 3497 1549 3562; x_wconf 93' lang='lat' dir='ltr'><strong>lu·</strong></span> 
     </span>
     <span class='ocr_line' id='line_1_26' title="bbox 165 3599 1546 3689; baseline -0.001 -21"><span class='ocrx_word' id='word_1_255' title='bbox 165 3601 305 3670; x_wconf 83' lang='lat' dir='ltr'><strong>culcntcr</strong></span> <span class='ocrx_word' id='word_1_256' title='bbox 330 3623 424 3688; x_wconf 90' lang='lat' dir='ltr'><strong>quem</strong></span> <span class='ocrx_word' id='word_1_257' title='bbox 447 3599 569 3666; x_wconf 89' lang='lat' dir='ltr'><strong>Plinius</strong></span> <span class='ocrx_word' id='word_1_258' title='bbox 591 3603 761 3687; x_wconf 71' lang='lat' dir='ltr'><strong>Coycmum</strong></span> <span class='ocrx_word' id='word_1_259' title='bbox 784 3601 930 3689; x_wconf 81' lang='lat' dir='ltr'><strong>sppellst.</strong></span> <span class='ocrx_word' id='word_1_260' title='bbox 976 3600 1063 3666; x_wconf 88' lang='lat' dir='ltr'><strong>Dein</strong></span> <span class='ocrx_word' id='word_1_261' title='bbox 1087 3601 1122 3666; x_wconf 91' lang='lat' dir='ltr'><strong>in</strong></span> <span class='ocrx_word' id='word_1_262' title='bbox 1147 3599 1223 3688; x_wconf 88' lang='lat' dir='ltr'><strong>ipsis</strong></span> <span class='ocrx_word' id='word_1_263' title='bbox 1248 3599 1406 3666; x_wconf 74' lang='lat' dir='ltr'><strong>radicibus</strong></span> <span class='ocrx_word' id='word_1_264' title='bbox 1429 3601 1546 3682; x_wconf 86' lang='lat' dir='ltr'><strong>Tmoli,</strong></span> 
     </span>
     <span class='ocr_line' id='line_1_27' title="bbox 165 3699 1546 3812; baseline -0.001 -33"><span class='ocrx_word' id='word_1_265' title='bbox 165 3714 220 3802; x_wconf 91' lang='lat' dir='ltr'><strong>qui</strong></span> <span class='ocrx_word' id='word_1_266' title='bbox 240 3713 292 3779; x_wconf 91' lang='lat' dir='ltr'><strong>hic</strong></span> <span class='ocrx_word' id='word_1_267' title='bbox 312 3710 423 3778; x_wconf 89' lang='lat' dir='ltr'><strong>incolis</strong></span> <span class='ocrx_word' id='word_1_268' title='bbox 447 3711 621 3800; x_wconf 81' lang='lat' dir='ltr'><strong>appellatur</strong></span> <span class='ocrx_word' id='word_1_269' title='bbox 645 3700 698 3812; x_wconf 50' lang='lat' dir='ltr'><strong>‘filli</strong></span> <span class='ocrx_word' id='word_1_270' title='bbox 719 3699 779 3792; x_wconf 75' lang='lat' dir='ltr'><strong>di,</strong></span> <span class='ocrx_word' id='word_1_271' title='bbox 794 3713 853 3780; x_wconf 80' lang='lat' dir='ltr'><strong>sito</strong></span> <span class='ocrx_word' id='word_1_272' title='bbox 867 3727 922 3780; x_wconf 88' lang='lat' dir='ltr'><strong>est.</strong></span> <span class='ocrx_word' id='word_1_273' title='bbox 969 3712 1096 3801; x_wconf 88' lang='lat' dir='ltr'><strong>Species</strong></span> <span class='ocrx_word' id='word_1_274' title='bbox 1111 3713 1239 3778; x_wconf 85' lang='lat' dir='ltr'><strong>demum</strong></span> <span class='ocrx_word' id='word_1_275' title='bbox 1253 3713 1321 3801; x_wconf 87' lang='lat' dir='ltr'><strong>ipss</strong></span> <span class='ocrx_word' id='word_1_276' title='bbox 1335 3713 1443 3801; x_wconf 91' lang='lat' dir='ltr'><strong>oppidi</strong></span> <span class='ocrx_word' id='word_1_277' title='bbox 1467 3715 1546 3778; x_wconf 83' lang='lat' dir='ltr'><strong>snti-</strong></span> 
     </span>
     <span class='ocr_line' id='line_1_28' title="bbox 165 3817 1546 3906; baseline -0.001 -21"><span class='ocrx_word' id='word_1_278' title='bbox 165 3819 316 3906; x_wconf 81' lang='lat' dir='ltr'><strong>quitstem</strong></span> <span class='ocrx_word' id='word_1_279' title='bbox 341 3817 422 3884; x_wconf 88' lang='lat' dir='ltr'><strong>sedis</strong></span> <span class='ocrx_word' id='word_1_280' title='bbox 446 3818 549 3898; x_wconf 84' lang='lat' dir='ltr'><strong>refert,</strong></span> <span class='ocrx_word' id='word_1_281' title='bbox 565 3842 624 3883; x_wconf 90' lang='lat' dir='ltr'><strong>uec</strong></span> <span class='ocrx_word' id='word_1_282' title='bbox 641 3819 745 3884; x_wconf 87' lang='lat' dir='ltr'><strong>minus</strong></span> <span class='ocrx_word' id='word_1_283' title='bbox 760 3844 875 3886; x_wconf 90' lang='lat' dir='ltr'><strong>nomen</strong></span> <span class='ocrx_word' id='word_1_284' title='bbox 889 3819 1026 3884; x_wconf 85' lang='lat' dir='ltr'><strong>inditum</strong></span> <span class='ocrx_word' id='word_1_285' title='bbox 1041 3844 1060 3883; x_wconf 82' lang='lat' dir='ltr'>a</span> <span class='ocrx_word' id='word_1_286' title='bbox 1075 3818 1232 3897; x_wconf 79' lang='lat' dir='ltr'><strong>barbaris3</strong></span> <span class='ocrx_word' id='word_1_287' title='bbox 1254 3841 1327 3884; x_wconf 77' lang='lat' dir='ltr'><strong>nam</strong></span> <span class='ocrx_word' id='word_1_288' title='bbox 1351 3843 1417 3882; x_wconf 88' lang='lat' dir='ltr'><strong>vox</strong></span> <span class='ocrx_word' id='word_1_289' title='bbox 1432 3818 1546 3896; x_wconf 74' lang='grc' dir='ltr'><strong>ΚιῖΙαΙι,</strong></span> 
     </span>
     <span class='ocr_line' id='line_1_29' title="bbox 164 3921 1546 4013; baseline 0.001 -24"><span class='ocrx_word' id='word_1_290' title='bbox 164 3925 245 3992; x_wconf 89' lang='lat' dir='ltr'><strong>sicut</strong></span> <span class='ocrx_word' id='word_1_291' title='bbox 258 3922 381 4002; x_wconf 72' lang='lat' dir='ltr'><strong>Kcl&#39;ad,</strong></span> <span class='ocrx_word' id='word_1_292' title='bbox 401 3921 526 4000; x_wconf 65' lang='grc' dir='ltr'><strong>Ηίεεᾰν,</strong></span> <span class='ocrx_word' id='word_1_293' title='bbox 543 3921 725 3989; x_wconf 82' lang='lat' dir='ltr'><strong>Graecorum</strong></span> <span class='ocrx_word' id='word_1_294' title='bbox 749 3929 877 4013; x_wconf 74' lang='lat' dir='ltr'><strong>Kompl,</strong></span> <span class='ocrx_word' id='word_1_295' title='bbox 906 3927 1065 4011; x_wconf 77' lang='grc' dir='ltr'>Κάπρον,</span> <span class='ocrx_word' id='word_1_296' title='bbox 1089 3923 1122 3994; x_wconf 92' lang='lat' dir='ltr'><strong>h.</strong></span> <span class='ocrx_word' id='word_1_297' title='bbox 1143 3948 1169 3990; x_wconf 88' lang='lat' dir='ltr'><strong>e.</strong></span> <span class='ocrx_word' id='word_1_298' title='bbox 1198 3925 1355 4002; x_wconf 78' lang='lat' dir='ltr'><strong>castellum,</strong></span> <span class='ocrx_word' id='word_1_299' title='bbox 1382 3923 1546 4012; x_wconf 83' lang='lat' dir='ltr'><strong>significet,</strong></span> 
     </span>
     <span class='ocr_line' id='line_1_30' title="bbox 162 4026 1545 4116; baseline 0.001 -22"><span class='ocrx_word' id='word_1_300' title='bbox 162 4029 329 4116; x_wconf 85' lang='lat' dir='ltr'><strong>innuitque</strong></span> <span class='ocrx_word' id='word_1_301' title='bbox 352 4041 389 4094; x_wconf 87' lang='lat' dir='ltr'><strong>ut</strong></span> <span class='ocrx_word' id='word_1_302' title='bbox 413 4026 584 4116; x_wconf 88' lang='lat' dir='ltr'><strong>plurimum</strong></span> <span class='ocrx_word' id='word_1_303' title='bbox 604 4041 790 4096; x_wconf 73' lang='lat' dir='ltr'><strong>vetustatem</strong></span> <span class='ocrx_word' id='word_1_304' title='bbox 816 4029 901 4096; x_wconf 87' lang='lat' dir='ltr'><strong>situs.</strong></span> <span class='ocrx_word' id='word_1_305' title='bbox 947 4031 1020 4095; x_wconf 93' lang='lat' dir='ltr'><strong>Hoc</strong></span> <span class='ocrx_word' id='word_1_306' title='bbox 1045 4031 1180 4098; x_wconf 75' lang='lat' dir='ltr'><strong>debebat</strong></span> <span class='ocrx_word' id='word_1_307' title='bbox 1202 4030 1236 4096; x_wconf 89' lang='lat' dir='ltr'><strong>in</strong></span> <span class='ocrx_word' id='word_1_308' title='bbox 1262 4042 1400 4098; x_wconf 84' lang='lat' dir='ltr'><strong>mentem</strong></span> <span class='ocrx_word' id='word_1_309' title='bbox 1424 4030 1545 4096; x_wconf 87' lang='lat' dir='ltr'><strong>venisse</strong></span> 
     </span>
    </p>
   </div>
   <div class='ocr_carea' id='block_1_7' title="bbox 195 4269 1191 4414">
    <p class='ocr_par' dir='ltr' id='par_1_8' title="bbox 195 4269 1191 4414">
     <span class='ocr_line' id='line_1_31' title="bbox 197 4269 1191 4332; baseline 0.001 -13"><span class='ocrx_word' id='word_1_310' title='bbox 197 4279 207 4303; x_wconf 87' lang='lat'>²</span> <span class='ocrx_word' id='word_1_311' title='bbox 222 4271 319 4320; x_wconf 69' lang='lat' dir='ltr'><strong>conus.</strong></span> <span class='ocrx_word' id='word_1_312' title='bbox 331 4271 393 4332; x_wconf 78' lang='lat' dir='ltr'><strong>Sept.</strong></span> <span class='ocrx_word' id='word_1_313' title='bbox 407 4271 475 4332; x_wconf 77' lang='lat' dir='ltr'><strong>Sspp.</strong></span> <span class='ocrx_word' id='word_1_314' title='bbox 488 4283 528 4318; x_wconf 85' lang='lat' dir='ltr'><strong>xv.</strong></span> <span class='ocrx_word' id='word_1_315' title='bbox 540 4285 562 4331; x_wconf 78' lang='lat' dir='ltr'><strong>p</strong></span> <span class='ocrx_word' id='word_1_316' title='bbox 575 4273 629 4320; x_wconf 82' lang='lat'><strong>868.</strong></span> <span class='ocrx_word' id='word_1_317' title='bbox 642 4271 670 4320; x_wconf 89' lang='lat' dir='ltr'><strong>T.</strong></span> <span class='ocrx_word' id='word_1_318' title='bbox 913 4269 925 4303; x_wconf 69' lang='lat'>⁸</span> <span class='ocrx_word' id='word_1_319' title='bbox 941 4273 1001 4320; x_wconf 69' lang='lat' dir='ltr'><strong>libr.</strong></span> <span class='ocrx_word' id='word_1_320' title='bbox 1015 4285 1038 4318; x_wconf 84' lang='lat' dir='ltr'><strong>v.</strong></span> <span class='ocrx_word' id='word_1_321' title='bbox 1051 4275 1089 4320; x_wconf 80' lang='grc'><strong>30.</strong></span> <span class='ocrx_word' id='word_1_322' title='bbox 1099 4273 1141 4322; x_wconf 79' lang='lat' dir='ltr'><strong>sub</strong></span> <span class='ocrx_word' id='word_1_323' title='bbox 1152 4273 1191 4320; x_wconf 82' lang='lat' dir='ltr'><strong>flu.</strong></span> 
     </span>
     <span class='ocr_line' id='line_1_32' title="bbox 195 4355 555 4414; baseline -0.006 -11"><span class='ocrx_word' id='word_1_324' title='bbox 195 4362 207 4388; x_wconf 80' lang='lat'>⁸</span> <span class='ocrx_word' id='word_1_325' title='bbox 223 4356 374 4404; x_wconf 67' lang='lat' dir='ltr'><strong>murnum</strong></span> <span class='ocrx_word' id='word_1_326' title='bbox 386 4355 432 4402; x_wconf 81' lang='lat' dir='ltr'><strong>sol.</strong></span> <span class='ocrx_word' id='word_1_327' title='bbox 445 4369 472 4403; x_wconf 87' lang='lat' dir='ltr'><strong>rr.</strong></span> <span class='ocrx_word' id='word_1_328' title='bbox 483 4369 505 4414; x_wconf 88' lang='lat' dir='ltr'><strong>p.</strong></span> <span class='ocrx_word' id='word_1_329' title='bbox 518 4357 555 4404; x_wconf 83' lang='grc'><strong>97.</strong></span> 
     </span>
    </p>
   </div>
   <div class='ocr_carea' id='block_1_8' title="bbox 0 0 1982 5248">
    <p class='ocr_par' dir='ltr' id='par_1_9' title="bbox 0 0 1982 5248">
     <span class='ocr_line' id='line_1_33' title="bbox 0 0 1982 5248; baseline 0 6"><span class='ocrx_word' id='word_1_330' title='bbox 0 0 1982 5248; x_wconf 95' lang='lat' dir='ltr'><strong> </strong></span> 
     </span>
    </p>
   </div>
  </div>
 </body>
</html>
