<?xml version="1.0" encoding="UTF-8"?>
<!DOCTYPE html PUBLIC "-//W3C//DTD XHTML 1.0 Transitional//EN"
    "http://www.w3.org/TR/xhtml1/DTD/xhtml1-transitional.dtd">
<html xmlns="http://www.w3.org/1999/xhtml" xml:lang="en" lang="en">
 <head>
  <title>
</title>
<meta http-equiv="Content-Type" content="text/html;charset=utf-8" />
  <meta name='ocr-system' content='tesseract 3.04.00' />
  <meta name='ocr-capabilities' content='ocr_page ocr_carea ocr_par ocr_line ocrx_word'/>
</head>
<body>
  <div class='ocr_page' id='page_1' title='image "./fasciculusinscr01kenngoog_0266.png"; bbox 0 0 3972 5240; ppageno 0'>
   <div class='ocr_carea' id='block_1_1' title="bbox 174 587 1680 684">
    <p class='ocr_par' dir='ltr' id='par_1_1' title="bbox 174 587 1680 684">
     <span class='ocr_line' id='line_1_1' title="bbox 174 587 1680 684; baseline 0.001 -30"><span class='ocrx_word' id='word_1_1' title='bbox 174 611 276 656; x_wconf 80' lang='lat' dir='ltr'>iason.</span> <span class='ocrx_word' id='word_1_2' title='bbox 289 590 446 677; x_wconf 66' lang='lat' dir='ltr'>centvm]</span> <span class='ocrx_word' id='word_1_3' title='bbox 764 587 977 654; x_wconf 83' lang='lat' dir='ltr'>SEBASTE.</span> <span class='ocrx_word' id='word_1_4' title='bbox 1498 591 1560 656; x_wconf 79' lang='lat'>255</span> <span class='ocrx_word' id='word_1_5' title='bbox 1669 665 1680 684; x_wconf 35' lang='grc' dir='ltr'>ι</span> 
     </span>
    </p>
   </div>
   <div class='ocr_carea' id='block_1_2' title="bbox 175 774 1561 875">
    <p class='ocr_par' dir='ltr' id='par_1_2' title="bbox 175 774 1561 875">
     <span class='ocr_line' id='line_1_2' title="bbox 175 774 1561 875; baseline 0 -25"><span class='ocrx_word' id='word_1_6' title='bbox 175 801 296 851; x_wconf 87' lang='lat' dir='ltr'>veram</span> <span class='ocrx_word' id='word_1_7' title='bbox 324 775 447 851; x_wconf 88' lang='lat' dir='ltr'>sedem</span> <span class='ocrx_word' id='word_1_8' title='bbox 471 774 628 850; x_wconf 89' lang='lat' dir='ltr'>Blaundi</span> <span class='ocrx_word' id='word_1_9' title='bbox 654 776 764 850; x_wconf 87' lang='lat' dir='ltr'>fuisse</span> <span class='ocrx_word' id='word_1_10' title='bbox 792 778 857 850; x_wconf 93' lang='lat' dir='ltr'>ubi</span> <span class='ocrx_word' id='word_1_11' title='bbox 888 801 985 850; x_wconf 87' lang='lat' dir='ltr'>mmo</span> <span class='ocrx_word' id='word_1_12' title='bbox 1012 778 1253 875; x_wconf 78' lang='lat' dir='ltr'>conspicimus</span> <span class='ocrx_word' id='word_1_13' title='bbox 1276 775 1480 868; x_wconf 56' lang='lat' dir='ltr'>solimano</span> <span class='ocrx_word' id='word_1_14' title='bbox 1506 779 1561 850; x_wconf 88' lang='lat' dir='ltr'>sin</span> 
     </span>
    </p>
   </div>
   <div class='ocr_carea' id='block_1_3' title="bbox 174 895 1682 996">
    <p class='ocr_par' dir='ltr' id='par_1_3' title="bbox 174 895 1682 996">
     <span class='ocr_line' id='line_1_3' title="bbox 174 895 1682 996; baseline -0.001 -26"><span class='ocrx_word' id='word_1_15' title='bbox 174 895 244 971; x_wconf 86' lang='lat' dir='ltr'>hoo</span> <span class='ocrx_word' id='word_1_16' title='bbox 261 897 381 970; x_wconf 89' lang='lat' dir='ltr'>minus</span> <span class='ocrx_word' id='word_1_17' title='bbox 398 896 542 982; x_wconf 80' lang='lat' dir='ltr'>arridet,</span> <span class='ocrx_word' id='word_1_18' title='bbox 560 909 671 970; x_wconf 86' lang='lat' dir='ltr'>restat</span> <span class='ocrx_word' id='word_1_19' title='bbox 688 897 886 995; x_wconf 83' lang='lat' dir='ltr'>Apollonia</span> <span class='ocrx_word' id='word_1_20' title='bbox 902 921 1009 995; x_wconf 91' lang='lat' dir='ltr'>quam</span> <span class='ocrx_word' id='word_1_21' title='bbox 1037 898 1233 994; x_wconf 86' lang='lat' dir='ltr'>praedicant</span> <span class='ocrx_word' id='word_1_22' title='bbox 1260 899 1397 971; x_wconf 91' lang='lat' dir='ltr'>nummi</span> <span class='ocrx_word' id='word_1_23' title='bbox 1422 897 1561 996; x_wconf 89' lang='lat' dir='ltr'>Lydiis-</span> <span class='ocrx_word' id='word_1_24' title='bbox 1679 945 1682 952; x_wconf 88' lang='lat'><em>-</em></span> 
     </span>
    </p>
   </div>
   <div class='ocr_carea' id='block_1_4' title="bbox 173 1016 1565 2062">
    <p class='ocr_par' dir='ltr' id='par_1_4' title="bbox 173 1016 1565 2062">
     <span class='ocr_line' id='line_1_4' title="bbox 175 1016 1562 1116; baseline -0.001 -25"><span class='ocrx_word' id='word_1_25' title='bbox 175 1043 245 1115; x_wconf 86' lang='lat' dir='ltr'>que</span> <span class='ocrx_word' id='word_1_26' title='bbox 263 1029 430 1091; x_wconf 85' lang='lat' dir='ltr'>aooenset</span> <span class='ocrx_word' id='word_1_27' title='bbox 448 1016 675 1114; x_wconf 77' lang='lat' dir='ltr'>Stephanud’,</span> <span class='ocrx_word' id='word_1_28' title='bbox 693 1017 836 1092; x_wconf 88' lang='lat' dir='ltr'>diversa</span> <span class='ocrx_word' id='word_1_29' title='bbox 853 1016 1076 1116; x_wconf 86' lang='lat' dir='ltr'>Apollonide</span> <span class='ocrx_word' id='word_1_30' title='bbox 1103 1018 1167 1090; x_wconf 88' lang='lat' dir='ltr'>illa</span> <span class='ocrx_word' id='word_1_31' title='bbox 1187 1042 1294 1114; x_wconf 88' lang='lat' dir='ltr'>quam</span> <span class='ocrx_word' id='word_1_32' title='bbox 1318 1019 1413 1091; x_wconf 90' lang='lat' dir='ltr'>inter</span> <span class='ocrx_word' id='word_1_33' title='bbox 1432 1016 1562 1092; x_wconf 74' lang='lat' dir='ltr'>Sardes</span> 
     </span>
     <span class='ocr_line' id='line_1_5' title="bbox 174 1133 1559 1234; baseline -0.001 -25"><span class='ocrx_word' id='word_1_34' title='bbox 174 1151 211 1209; x_wconf 88' lang='lat' dir='ltr'>et</span> <span class='ocrx_word' id='word_1_35' title='bbox 238 1138 455 1234; x_wconf 74' lang='lat' dir='ltr'><strong>Pergamum</strong></span> <span class='ocrx_word' id='word_1_36' title='bbox 482 1135 637 1210; x_wconf 87' lang='lat' dir='ltr'>oollooat</span> <span class='ocrx_word' id='word_1_37' title='bbox 668 1135 806 1211; x_wconf 86' lang='lat' dir='ltr'>Strabo.</span> <span class='ocrx_word' id='word_1_38' title='bbox 869 1135 952 1209; x_wconf 87' lang='lat' dir='ltr'>Hoc</span> <span class='ocrx_word' id='word_1_39' title='bbox 981 1137 1052 1208; x_wconf 90' lang='lat' dir='ltr'>situ</span> <span class='ocrx_word' id='word_1_40' title='bbox 1087 1133 1238 1210; x_wconf 86' lang='lat' dir='ltr'>fortasse</span> <span class='ocrx_word' id='word_1_41' title='bbox 1261 1134 1457 1232; x_wconf 85' lang='lat' dir='ltr'>quaerenda</span> <span class='ocrx_word' id='word_1_42' title='bbox 1486 1149 1559 1224; x_wconf 88' lang='lat' dir='ltr'>est;</span> 
     </span>
     <span class='ocr_line' id='line_1_6' title="bbox 177 1252 1563 1356; baseline -0.003 -26"><span class='ocrx_word' id='word_1_43' title='bbox 177 1283 243 1330; x_wconf 86' lang='lat' dir='ltr'>nec</span> <span class='ocrx_word' id='word_1_44' title='bbox 260 1281 388 1356; x_wconf 88' lang='lat' dir='ltr'>parum</span> <span class='ocrx_word' id='word_1_45' title='bbox 406 1257 534 1354; x_wconf 91' lang='lat' dir='ltr'>opinor</span> <span class='ocrx_word' id='word_1_46' title='bbox 558 1254 699 1328; x_wconf 86' lang='lat' dir='ltr'>roboris</span> <span class='ocrx_word' id='word_1_47' title='bbox 716 1253 888 1327; x_wconf 87' lang='lat' dir='ltr'>aooedere</span> <span class='ocrx_word' id='word_1_48' title='bbox 906 1277 954 1326; x_wconf 87' lang='lat' dir='ltr'>ex</span> <span class='ocrx_word' id='word_1_49' title='bbox 970 1252 1171 1351; x_wconf 82' lang='lat' dir='ltr'>fragmento</span> <span class='ocrx_word' id='word_1_50' title='bbox 1188 1260 1307 1329; x_wconf 89' lang='grc' dir='ltr'>ΟΝΙΑ</span> <span class='ocrx_word' id='word_1_51' title='bbox 1323 1255 1361 1327; x_wconf 88' lang='lat' dir='ltr'>in</span> <span class='ocrx_word' id='word_1_52' title='bbox 1380 1254 1477 1328; x_wconf 87' lang='lat' dir='ltr'>tituli</span> <span class='ocrx_word' id='word_1_53' title='bbox 1503 1277 1563 1326; x_wconf 86' lang='lat' dir='ltr'>ex-</span> 
     </span>
     <span class='ocr_line' id='line_1_7' title="bbox 177 1373 1562 1471; baseline -0.004 -21"><span class='ocrx_word' id='word_1_54' title='bbox 177 1377 290 1464; x_wconf 91' lang='lat' dir='ltr'>ordio,</span> <span class='ocrx_word' id='word_1_55' title='bbox 308 1379 419 1450; x_wconf 91' lang='lat' dir='ltr'>immo</span> <span class='ocrx_word' id='word_1_56' title='bbox 436 1401 484 1450; x_wconf 88' lang='lat' dir='ltr'>ex</span> <span class='ocrx_word' id='word_1_57' title='bbox 501 1380 614 1450; x_wconf 85' lang='grc' dir='ltr'>ΟΝΧΙ</span> <span class='ocrx_word' id='word_1_58' title='bbox 634 1375 673 1447; x_wconf 94' lang='lat' dir='ltr'>in</span> <span class='ocrx_word' id='word_1_59' title='bbox 689 1399 724 1448; x_wconf 89' lang='lat' dir='ltr'>v.</span> <span class='ocrx_word' id='word_1_60' title='bbox 738 1377 771 1447; x_wconf 81' lang='lat'>2.</span> <span class='ocrx_word' id='word_1_61' title='bbox 790 1375 820 1447; x_wconf 86' lang='lat' dir='ltr'>ai</span> <span class='ocrx_word' id='word_1_62' title='bbox 843 1399 1017 1471; x_wconf 89' lang='lat' dir='ltr'>ponamus</span> <span class='ocrx_word' id='word_1_63' title='bbox 1037 1373 1130 1447; x_wconf 90' lang='lat' dir='ltr'>illud</span> <span class='ocrx_word' id='word_1_64' title='bbox 1153 1382 1181 1447; x_wconf 84' lang='grc' dir='ltr'>Χ</span> <span class='ocrx_word' id='word_1_65' title='bbox 1204 1400 1278 1449; x_wconf 86' lang='grc' dir='ltr'><strong>ιιοιι</strong></span> <span class='ocrx_word' id='word_1_66' title='bbox 1295 1399 1373 1448; x_wconf 87' lang='lat' dir='ltr'>esse</span> <span class='ocrx_word' id='word_1_67' title='bbox 1395 1375 1562 1458; x_wconf 81' lang='lat' dir='ltr'>litteram,</span> 
     </span>
     <span class='ocr_line' id='line_1_8' title="bbox 178 1490 1564 1591; baseline -0.006 -21"><span class='ocrx_word' id='word_1_68' title='bbox 178 1498 241 1573; x_wconf 86' lang='lat' dir='ltr'>sed</span> <span class='ocrx_word' id='word_1_69' title='bbox 257 1494 509 1572; x_wconf 89' lang='lat' dir='ltr'>tantummodo</span> <span class='ocrx_word' id='word_1_70' title='bbox 525 1505 647 1568; x_wconf 89' lang='lat' dir='ltr'>notam</span> <span class='ocrx_word' id='word_1_71' title='bbox 665 1493 760 1567; x_wconf 88' lang='lat' dir='ltr'>inter</span> <span class='ocrx_word' id='word_1_72' title='bbox 777 1491 931 1591; x_wconf 79' lang='lat' dir='ltr'>syllabas</span> <span class='ocrx_word' id='word_1_73' title='bbox 949 1491 1180 1577; x_wconf 87' lang='lat' dir='ltr'>diacritioam,</span> <span class='ocrx_word' id='word_1_74' title='bbox 1193 1493 1336 1587; x_wconf 87' lang='lat' dir='ltr'>qualem</span> <span class='ocrx_word' id='word_1_75' title='bbox 1354 1492 1497 1565; x_wconf 91' lang='lat' dir='ltr'>obviam</span> <span class='ocrx_word' id='word_1_76' title='bbox 1515 1490 1564 1562; x_wconf 89' lang='lat' dir='ltr'>vi·</span> 
     </span>
     <span class='ocr_line' id='line_1_9' title="bbox 175 1609 1563 1691; baseline -0.006 0"><span class='ocrx_word' id='word_1_77' title='bbox 175 1617 294 1691; x_wconf 89' lang='lat' dir='ltr'>dimus</span> <span class='ocrx_word' id='word_1_78' title='bbox 327 1617 367 1688; x_wconf 94' lang='lat' dir='ltr'>in</span> <span class='ocrx_word' id='word_1_79' title='bbox 400 1615 468 1688; x_wconf 87' lang='lat' dir='ltr'>titt.</span> <span class='ocrx_word' id='word_1_80' title='bbox 497 1633 601 1686; x_wconf 80' lang='lat' dir='ltr'>axin.</span> <span class='ocrx_word' id='word_1_81' title='bbox 626 1634 727 1684; x_wconf 82' lang='lat' dir='ltr'>nxv1.</span> <span class='ocrx_word' id='word_1_82' title='bbox 758 1622 795 1684; x_wconf 91' lang='lat' dir='ltr'>et</span> <span class='ocrx_word' id='word_1_83' title='bbox 823 1609 972 1684; x_wconf 85' lang='lat' dir='ltr'>fortasse</span> <span class='ocrx_word' id='word_1_84' title='bbox 1001 1611 1039 1682; x_wconf 92' lang='lat' dir='ltr'>in</span> <span class='ocrx_word' id='word_1_85' title='bbox 1067 1633 1232 1684; x_wconf 77' lang='lat' dir='ltr'>ooxxmn</span> <span class='ocrx_word' id='word_1_86' title='bbox 1298 1611 1355 1684; x_wconf 85' lang='lat' dir='ltr'>De</span> <span class='ocrx_word' id='word_1_87' title='bbox 1382 1610 1453 1684; x_wconf 87' lang='lat' dir='ltr'>hoo</span> <span class='ocrx_word' id='word_1_88' title='bbox 1476 1634 1563 1684; x_wconf 88' lang='lat' dir='ltr'>vero</span> 
     </span>
     <span class='ocr_line' id='line_1_10' title="bbox 173 1729 1565 1835; baseline -0.006 -24"><span class='ocrx_word' id='word_1_89' title='bbox 173 1737 354 1835; x_wconf 86' lang='lat' dir='ltr'>judicium</span> <span class='ocrx_word' id='word_1_90' title='bbox 371 1733 575 1832; x_wconf 83' lang='lat' dir='ltr'>legentibus</span> <span class='ocrx_word' id='word_1_91' title='bbox 592 1731 772 1830; x_wconf 83' lang='lat' dir='ltr'>permitto,</span> <span class='ocrx_word' id='word_1_92' title='bbox 790 1729 992 1828; x_wconf 81' lang='lat' dir='ltr'>fragmento</span> <span class='ocrx_word' id='word_1_93' title='bbox 1009 1730 1146 1803; x_wconf 86' lang='lat' dir='ltr'>interea</span> <span class='ocrx_word' id='word_1_94' title='bbox 1158 1731 1276 1826; x_wconf 82' lang='lat' dir='ltr'>posim</span> <span class='ocrx_word' id='word_1_95' title='bbox 1288 1730 1384 1803; x_wconf 87' lang='lat' dir='ltr'>inter</span> <span class='ocrx_word' id='word_1_96' title='bbox 1397 1730 1565 1830; x_wconf 83' lang='lat' dir='ltr'>Phrygia,</span> 
     </span>
     <span class='ocr_line' id='line_1_11' title="bbox 177 1847 1565 1944; baseline -0.004 -16"><span class='ocrx_word' id='word_1_97' title='bbox 177 1867 218 1928; x_wconf 89' lang='lat' dir='ltr'>ut</span> <span class='ocrx_word' id='word_1_98' title='bbox 233 1853 363 1927; x_wconf 83' lang='lat' dir='ltr'>fecisse</span> <span class='ocrx_word' id='word_1_99' title='bbox 380 1849 488 1923; x_wconf 89' lang='lat' dir='ltr'>video</span> <span class='ocrx_word' id='word_1_100' title='bbox 506 1847 713 1921; x_wconf 77' lang='lat' dir='ltr'>Franziumq</span> <span class='ocrx_word' id='word_1_101' title='bbox 732 1849 770 1920; x_wconf 90' lang='lat' dir='ltr'>in</span> <span class='ocrx_word' id='word_1_102' title='bbox 787 1847 959 1920; x_wconf 81' lang='lat' dir='ltr'>fasciculo</span> <span class='ocrx_word' id='word_1_103' title='bbox 975 1872 1101 1920; x_wconf 86' lang='lat' dir='ltr'>recens</span> <span class='ocrx_word' id='word_1_104' title='bbox 1119 1847 1229 1934; x_wconf 88' lang='lat' dir='ltr'>edito,</span> <span class='ocrx_word' id='word_1_105' title='bbox 1242 1850 1307 1944; x_wconf 91' lang='lat' dir='ltr'>qui</span> <span class='ocrx_word' id='word_1_106' title='bbox 1320 1862 1357 1923; x_wconf 88' lang='lat' dir='ltr'>et</span> <span class='ocrx_word' id='word_1_107' title='bbox 1368 1849 1467 1923; x_wconf 90' lang='lat' dir='ltr'>huno</span> <span class='ocrx_word' id='word_1_108' title='bbox 1484 1851 1565 1923; x_wconf 87' lang='lat' dir='ltr'>titu-</span> 
     </span>
     <span class='ocr_line' id='line_1_12' title="bbox 176 1963 1296 2062; baseline -0.008 -14"><span class='ocrx_word' id='word_1_109' title='bbox 176 1977 251 2048; x_wconf 92' lang='lat' dir='ltr'>lum</span> <span class='ocrx_word' id='word_1_110' title='bbox 269 1995 353 2046; x_wconf 90' lang='lat' dir='ltr'>oum</span> <span class='ocrx_word' id='word_1_111' title='bbox 372 1969 501 2043; x_wconf 88' lang='lat' dir='ltr'>ceteris</span> <span class='ocrx_word' id='word_1_112' title='bbox 520 1963 793 2040; x_wconf 78' lang='lat' dir='ltr'>Arimdellianis</span> <span class='ocrx_word' id='word_1_113' title='bbox 810 1991 858 2038; x_wconf 88' lang='lat' dir='ltr'>ex</span> <span class='ocrx_word' id='word_1_114' title='bbox 876 1963 1002 2038; x_wconf 86' lang='lat' dir='ltr'>eodem</span> <span class='ocrx_word' id='word_1_115' title='bbox 1022 1965 1093 2038; x_wconf 87' lang='lat' dir='ltr'>situ</span> <span class='ocrx_word' id='word_1_116' title='bbox 1110 1967 1296 2062; x_wconf 83' lang='lat' dir='ltr'>expressit.</span> 
     </span>
    </p>
   </div>
   <div class='ocr_carea' id='block_1_5' title="bbox 219 2179 1371 2266">
    <p class='ocr_par' dir='ltr' id='par_1_5' title="bbox 219 2179 1371 2266">
     <span class='ocr_line' id='line_1_13' title="bbox 219 2179 1371 2266; baseline -0.012 -14"><span class='ocrx_word' id='word_1_117' title='bbox 219 2201 231 2238; x_wconf 78' lang='grc' dir='ltr'><strong>Ρ</strong></span> <span class='ocrx_word' id='word_1_118' title='bbox 247 2194 325 2252; x_wconf 86' lang='lat' dir='ltr'>Vide</span> <span class='ocrx_word' id='word_1_119' title='bbox 338 2190 459 2248; x_wconf 84' lang='lat' dir='ltr'>Eokhel.</span> <span class='ocrx_word' id='word_1_120' title='bbox 470 2191 506 2247; x_wconf 89' lang='lat' dir='ltr'>D.</span> <span class='ocrx_word' id='word_1_121' title='bbox 512 2191 551 2249; x_wconf 92' lang='lat' dir='ltr'>N.</span> <span class='ocrx_word' id='word_1_122' title='bbox 561 2190 593 2250; x_wconf 91' lang='lat' dir='ltr'>V.</span> <span class='ocrx_word' id='word_1_123' title='bbox 603 2192 658 2248; x_wconf 84' lang='lat' dir='ltr'>vol.</span> <span class='ocrx_word' id='word_1_124' title='bbox 671 2207 714 2248; x_wconf 84' lang='lat'>111.</span> <span class='ocrx_word' id='word_1_125' title='bbox 725 2209 752 2266; x_wconf 89' lang='lat' dir='ltr'>p.</span> <span class='ocrx_word' id='word_1_126' title='bbox 763 2190 810 2254; x_wconf 81' lang='lat'>92.</span> <span class='ocrx_word' id='word_1_127' title='bbox 822 2207 845 2244; x_wconf 85' lang='lat' dir='ltr'>a.</span> <span class='ocrx_word' id='word_1_128' title='bbox 950 2188 964 2224; x_wconf 82' lang='lat'>‘¹</span> <span class='ocrx_word' id='word_1_129' title='bbox 980 2183 1041 2240; x_wconf 91' lang='lat' dir='ltr'>Ubi</span> <span class='ocrx_word' id='word_1_130' title='bbox 1055 2201 1133 2259; x_wconf 89' lang='lat' dir='ltr'>supr.</span> <span class='ocrx_word' id='word_1_131' title='bbox 1148 2202 1175 2260; x_wconf 91' lang='lat' dir='ltr'>p.</span> <span class='ocrx_word' id='word_1_132' title='bbox 1187 2181 1231 2241; x_wconf 88' lang='lat'>16.</span> <span class='ocrx_word' id='word_1_133' title='bbox 1246 2203 1273 2240; x_wconf 92' lang='lat' dir='ltr'>n.</span> <span class='ocrx_word' id='word_1_134' title='bbox 1285 2179 1371 2246; x_wconf 86' lang='grc'><strong>3869.</strong></span> 
     </span>
    </p>
   </div>
   <div class='ocr_carea' id='block_1_6' title="bbox 0 0 2003 5240">
    <p class='ocr_par' dir='ltr' id='par_1_6' title="bbox 0 0 2003 5240">
     <span class='ocr_line' id='line_1_14' title="bbox 0 0 2003 5240; baseline 0 0"><span class='ocrx_word' id='word_1_135' title='bbox 0 0 2003 5240; x_wconf 95' lang='lat' dir='ltr'> </span> 
     </span>
    </p>
   </div>
  </div>
 </body>
</html>
