3992 5240
442 553 503 617 160
851 549 899 614 IN
903 547 1201 616 SCRIPTIONES
1223 547 1414 615 GRAECAE.
1563 549 1681 639 [rusca.
1698 571 1824 616 crxxrr.

438 743 582 850 Ἀγαθη
595 741 701 849 τόχῇ·
724 735 1150 845 ΑὑρήλιονἝρμιππον,
1164 738 1396 847 ξυστάρχην,
1410 741 1508 846 ἱερέα
1522 746 1588 843 τῆς
1598 741 1822 848 Ἀρτέμιδος,

438 873 504 955 τὸν
518 873 673 981 ἔνδοξον
685 875 745 952 καὶ
757 867 987 979 φιλόπατριν
1006 873 1067 950 καὶ
1091 873 1130 950 έν
1147 878 1267 951 πᾶσιν
1285 877 1446 975 πρῶτον,
1467 873 1820 978 ἀρχιερατευσάμεν·

438 1041 482 1084 ον
497 1002 656 1112 ἐνδόξως
674 1003 768 1107 μετά
786 1003 962 1107 μεγάλων
984 1003 1237 1106 ἀναλωμάτων
1251 1007 1312 1084 καὶ
1328 1001 1441 1086 δόντα
1467 1003 1821 1113 κόντροκυνηγέσιον

437 1134 613 1240 ἑνόζυγον
633 1133 825 1236 ἀπότομον
850 1139 891 1216 ἐκ
922 1138 1022 1222 θείας
1047 1138 1288 1243 φιλοδωρίας,
1309 1141 1364 1223 δὶς
1381 1137 1549 1246 ἄρξαντα
1574 1136 1642 1242 τὴν
1672 1142 1819 1246 πρώτην

435 1266 556 1375 ἀρχὴν
578 1273 777 1376 ἐπιφανῶς,
809 1271 870 1348 καὶ
903 1265 969 1352 τάς
998 1265 1134 1352 λοιπάς
1164 1265 1282 1372 ἀρχάς
1312 1271 1373 1348 καὶ
1404 1271 1640 1374 λειτουργίας
1664 1271 1755 1377 ἀπέρ
1784 1308 1819 1352 τε

433 1400 547 1479 αὑτοῦ
578 1401 638 1478 καὶ
671 1399 745 1478 τῶν
774 1397 916 1476 παίδων
936 1393 1101 1498 Νικήτου
1132 1399 1192 1476 καὶ
1211 1395 1424 1503 Ἑρμίππου
1448 1401 1710 1500 ἐκτελέσαντα,
1734 1407 1817 1483 ἀνα·

434 1529 603 1636 θέντατῇ
622 1526 733 1610 πόλει
753 1525 902 1634 τάχειον
914 1525 984 1627 μέν
997 1533 1047 1612 είς
1059 1525 1238 1608 σιτωνικά
1255 1527 1430 1634 χρήματα
1450 1533 1632 1636 δηναρίων
1644 1533 1818 1639 μυριάδας

431 1663 554 1761 πέντε,
579 1665 640 1742 καὶ
665 1658 778 1741 δόντα
802 1666 852 1744 είς
877 1655 1078 1760 ἐπισκευὴν
1102 1668 1168 1742 τοῦ
1198 1658 1367 1742 πετάσου
1391 1672 1457 1743 τοῦ
1481 1661 1639 1769 θεάτρου
1668 1665 1818 1773 δηνάρια

429 1799 555 1902 μυρία,
580 1794 838 1898 ποιησάμενον
867 1793 907 1874 δέ
942 1793 1003 1874 καὶ
1026 1790 1214 1880 ἐπιδόσεις
1243 1793 1445 1900 χρημάτων
1469 1799 1515 1903 τῇ
1541 1833 1581 1878 τε
1605 1798 1815 1906 γλυκυτάτη

429 1931 579 2034 πατρίδι
605 1934 655 2014 είς
686 1925 860 2034 χρήματα
892 1923 1070 2006 σιτωνικά
1093 1923 1276 2030 δηναρίων
1294 1924 1474 2031 μυριάδας
1495 1927 1741 2030 πεντήκοντα,
1760 1935 1815 2011 καὶ

427 2063 473 2166 τῇ
497 2060 679 2164 κρατίστη
700 2059 829 2162 Βουλῇ
861 2055 1044 2158 δηναρίων
1065 2053 1245 2161 μυριάδας
1278 2057 1400 2156 πέντε,
1427 2061 1488 2138 καὶ
1519 2061 1570 2168 τῷ
1600 2061 1814 2168 σεμνοτάτῳ

427 2193 610 2298 συνεδρίῳ
629 2196 694 2291 τῆς
714 2189 920 2294 Γερουσίας
940 2184 1096 2292 δηνάρια
1113 2188 1239 2292 μυρία,
1266 2194 1404 2296 φυλαῖς
1424 2187 1465 2268 δέ
1485 2191 1578 2272 ἐπτα
1608 2194 1813 2278 έστακυίαις

425 2321 511 2411 τοὺς
532 2322 750 2429 ἀνδριάντας
770 2319 864 2427 πρδς
885 2318 1041 2424 δηνάρια
1065 2322 1184 2426 χίλια.
1242 2318 1291 2400 Ἡ
1313 2319 1393 2426 ἱερά
1413 2318 1517 2428 φυλὴ
1543 2327 1615 2404 τῶν
1635 2325 1812 2430 ε’ριοάπων

426 2459 647 2563 (ἐριουργῶν
657 2464 693 2560 l)
726 2451 792 2536 τὸν
825 2452 960 2556 ταύτης
991 2455 1051 2534 καὶ
1081 2458 1147 2554 τῆς
1177 2454 1356 2557 πατρίδος
1395 2457 1435 2534 ἐν
1467 2461 1586 2536 πᾶσιν
1620 2459 1811 2562 εὐεργέτην

975 2593 1040 2692 (sc.
1055 2582 1260 2689 ἐτίμησεν).

498 2765 643 2837 Titulus
668 2761 898 2836 honorificus.
953 2761 1062 2838 Sacra
1087 2762 1203 2836 tribus
1229 2787 1355 2838 eorum
1377 2763 1440 2860 qui
1457 2763 1652 2838 lanificium
1670 2791 1808 2841 exerce·

421 2884 508 2956 bant
534 2883 659 2956 laudes
685 2897 722 2957 et
745 2907 830 2981 erga
854 2882 1006 2980 patriam
1029 2883 1158 2956 merita
1175 2885 1368 2981 Hermippi
1388 2883 1570 2982 praedicat,
1594 2888 1806 2985 xystarchia

420 3005 621 3078 sacerdotio
639 3019 676 3079 et
695 3030 835 3078 summo
853 3017 890 3077 et
906 3005 1042 3092 Diana,
1061 3005 1240 3102 primique
1258 3005 1486 3103 magistratus
1500 3007 1555 3078 bis
1573 3005 1806 3081 administrati

419 3153 568 3201 munere
585 3127 719 3215 funeti3
749 3127 849 3224 quod
865 3152 982 3225 porra
1000 3129 1095 3200 inter
1112 3127 1338 3225 popularium
1357 3126 1628 3213 oblectamenta,
1647 3127 1806 3200 ediderat

418 3249 662 3346 spectaculum
680 3249 881 3323 venationis
906 3275 989 3323 cum
1006 3250 1132 3337 contis,
1157 3273 1266 3346 seque
1284 3247 1323 3322 in
1339 3249 1494 3322 levanda
1516 3261 1804 3346 annonapetaso

418 3367 549 3440 theatri
576 3368 746 3465 paranda,
768 3367 946 3464 donisque
963 3369 1126 3466 pecuniae
1148 3369 1343 3468 largiendis
1363 3367 1522 3464 Senatui,
1537 3369 1712 3458 Gerusiae,
1731 3370 1806 3443 Tri·

416 3489 545 3576 bubus,
563 3489 748 3564 liberalem
766 3491 989 3587 praestiterat.

490 3610 722 3707 Descriptum
739 3609 851 3684 habui
869 3611 914 3683 de
932 3611 1109 3708 fragmine
1127 3611 1222 3684 basis
1240 3610 1340 3684 illato
1357 3611 1394 3684 in
1412 3611 1586 3708 parietem
1598 3610 1726 3684 domus
1736 3635 1804 3684 me·

415 3742 561 3803 moratae
578 3732 616 3803 in
634 3757 704 3828 arg.
724 3733 775 3804 tit.
791 3755 943 3807 ctxxrrr.
964 3757 1057 3829 supr.
1072 3756 1144 3828 qua
1156 3744 1257 3830 parte
1271 3744 1348 3805 erat
1364 3729 1608 3829 gynaeconitis,

491 3855 618 3929 Edidit
653 3853 850 3931 Bbclrhiusg
880 3881 928 3928 ex
957 3853 1062 3928 codd.
1094 3850 1279 3928 sterardl'
1308 3864 1345 3925 et
1377 3849 1604 3948 Spanhemii,
1628 3849 1801 3946 librisque

415 3971 592 4047 Richter?
607 3985 644 4046 et
654 3971 846 4046 Franekii¹.
886 3971 1000 4045 Addo
1010 3984 1132 4046 nostra
1141 3984 1178 4045 et
1188 3995 1308 4070 apogr.
1317 3971 1801 4046 SteuartianumaBorrellio

453 4155 854 4232 evolitpsmaaiaa.
1171 4153 1270 4212 turn.
1285 4174 1332 4231 pp.
1343 4133 1409 4215 aas.
1422 4153 1487 4215 aas.
1498 4153 1566 4215 aaa.

452 4254 465 4290 l
481 4253 549 4312 cod.
562 4273 609 4330 pp.
619 4251 667 4314 65.
677 4257 725 4313 82.
753 4254 826 4313 Ask.
839 4271 858 4312 ι.
873 4255 919 4312 21.
932 4255 978 4312 22.
1171 4253 1179 4287 ¹
1200 4253 1260 4312 Ubi
1274 4272 1336 4330 sup.
1351 4273 1398 4331 pp.
1409 4257 1477 4319 389.
1492 4273 1527 4312 ss

452 4351 459 4392 ¹
481 4350 550 4410 cod.
566 4373 592 4410 ru
607 4355 671 4412 141.
