3952 5238
171 572 283 618 rusca.
300 552 486 638 roura-20]
666 551 1059 619 HALIOARNASSUS.

792 843 938 910 XCVII.

236 987 266 1053 5.
293 985 412 1074 depa,
425 989 550 1072 produc,
566 984 659 1052 credo
674 986 904 1074 praecinctionis
918 986 970 1052 vel
993 986 1183 1053 diazomatia
1229 987 1282 1056 Sic
1300 990 1335 1054 in
1360 989 1453 1056 titulo
1468 991 1558 1057 Pata·

166 1097 266 1162 rensiq
293 1097 437 1162 dicentur
452 1095 538 1160 varia
561 1095 601 1160 ad
624 1094 704 1160 aedes
728 1093 893 1159 theatrales
915 1093 1112 1181 pertinentia,
1138 1094 1221 1160 inter
1240 1119 1309 1182 quae
1329 1096 1491 1166 ἑνδέκατον
1504 1107 1560 1165 τοῦ

165 1205 314 1292 δευτέρου
337 1203 532 1288 διαζώματος
554 1202 695 1291 βάθρον.
740 1201 836 1268 Fides
860 1201 990 1282 accedit,
1009 1203 1083 1288 quia
1104 1217 1137 1269 et
1155 1219 1260 1270 noster
1280 1205 1560 1274 Halicamasscnsis

164 1335 266 1401 prope
281 1309 449 1398 parietinas
463 1308 577 1374 theatri
592 1321 733 1396 repertus
748 1321 803 1372 est.

232 1415 411 1482 Donariurn
427 1415 554 1480 affertur
568 1415 701 1480 Herculi
716 1428 748 1480 et
758 1413 917 1479 Mercurio
931 1440 938 1492 ;
960 1411 1036 1478 huic
1055 1428 1182 1502 propter
1192 1413 1371 1504 disciplinas
1385 1419 1558 1507 gymnicas,

166 1523 254 1590 unde
278 1535 312 1588 et
337 1525 477 1610 ἀγώνιος
502 1536 534 1588 et
556 1527 729 1610 ἐναγώνιος
743 1534 893 1588 vocatur.
938 1522 988 1586 De
1005 1521 1155 1601 Hercule,
1177 1523 1236 1588 deo
1251 1524 1376 1590 tutelari
1401 1529 1560 1614 gymnasi-

167 1654 270 1708 cmm,
287 1628 370 1695 conf.
387 1627 471 1694 dicta
486 1628 526 1693 ad
540 1628 602 1693 titt.
620 1627 831 1716 Thyatirenos
845 1628 879 1692 in
893 1627 1001 1694 libello
1015 1627 1138 1715 priore¹.

785 1837 948 1905 XCVIII.

235 1993 265 2054 2.
291 1989 491 2057 Πανταλέων.
535 1985 659 2052 Nomen
675 1985 794 2052 occurit
810 1985 844 2049 in
859 2007 915 2050 cu.
929 2009 961 2072 p.
977 1984 1060 2050 infr.t
1103 1985 1267 2051 Hierocles
1283 2010 1407 2073 quoque
1429 1989 1505 2054 ibid.
1522 1990 1557 2054 in

166 2101 280 2167 ordine
295 2101 315 2164 l.
361 2098 411 2164 De
426 2097 526 2162 forma
538 2092 636 2162 ΥΟΣ
651 2111 743 2163 antea
757 2111 900 2162 notatum
916 2098 955 2162 ad
969 2096 1017 2162 tit.
1034 2117 1153 2162 cxxxv.
1164 2099 1193 2162 4.

804 2318 932 2384 XCIX.

235 2467 266 2532 1.
289 2467 463 2554 Separatio.
508 2463 587 2544 Quae
597 2463 636 2529 de
649 2463 833 2550 Sarapiade¹¹
842 2463 894 2528 hic
905 2475 1118 2528 memorantur
1128 2462 1276 2529 videntur
1290 2463 1324 2528 in
1335 2463 1419 2530 hunc
1431 2465 1560 2532 modum

164 2571 408 2642 constituenda:
431 2595 471 2638 sc.
487 2595 556 2636 carn
570 2571 666 2638 fuisse
680 2571 777 2638 filiam
788 2572 962 2638 naturalem
979 2573 1140 2659 (φυσικήν,
1154 2571 1220 2636 vid.
1230 2577 1367 2654 mvi),
1381 2570 1558 2650 Menandri,

165 2679 352 2769 adoptivam
368 2679 558 2756 Dracontis3
580 2678 663 2756 dein,
680 2677 829 2744 defuncto
841 2676 1026 2753 Menandro,
1043 2675 1211 2764 conjugem
1226 2675 1293 2761 ejus
1307 2676 1447 2764 nupsisse
1462 2678 1558 2766 Apol-

164 2788 301 2864 lonium,
317 2786 372 2873 qui
387 2786 519 2875 proinde
533 2785 629 2852 fiebat
642 2787 763 2850 viram
778 2784 957 2874 (πατρῷος)
976 2783 1161 2870 Sarapiadis.

234 2895 291 2960 Ex
316 2893 496 2959 nominibus
521 2891 555 2958 in
578 2891 640 2958 hcc
668 2890 761 2958 titulo
789 2890 968 2956 memoratis
993 2889 1194 2978 reperiuntur
1216 2892 1415 2980 Apollonius,
1442 2893 1557 2974 Draco,

166 3001 328 3080 Moechio‚
342 2999 377 3065 in
392 3001 453 3066 titt.
468 2999 540 3066 infr.
552 3021 607 3066 cn.
622 3023 685 3086 seq.

846 3166 882 3234 Ο.

238 3323 266 3385 1.
290 3322 369 3388 Ἐὰν
383 3317 416 3387 δέ
429 3347 477 3395 τις
492 3349 518 3387 κ.
527 3349 554 3385 τ.
566 3319 598 3383 λ.
641 3307 769 3382 Titulus
788 3341 918 3382 mancus
932 3331 979 3382 cst
993 3330 1025 3383 et
1039 3319 1072 3382 in
1087 3318 1242 3408 principio
1257 3334 1290 3386 et
1303 3321 1375 3401 linc,
1387 3321 1442 3388 sed
1452 3347 1557 3390 sensus

164 3441 285 3518 praesto
299 3437 346 3489 est
359 3445 453 3509 quem
468 3445 577 3489 cruere
591 3433 721 3486 conatus
735 3445 804 3485 sum
819 3444 861 3486 ex
876 3421 1050 3486 litterarum
1066 3425 1214 3512 vestigiis.

236 3529 386 3594 Formula
396 3526 531 3594 solennis
546 3527 684 3591 dirarum
700 3526 794 3591 obvia
807 3540 854 3593 est
868 3527 982 3614 passim
1002 3527 1036 3592 in
1052 3529 1296 3616 sepulcralibus;
1318 3559 1370 3600 ex.
1379 3560 1405 3602 c.
1418 3535 1557 3604 Bdckhi-

165 3638 248 3714 anis,
264 3635 299 3700 in
313 3657 443 3700 recensu
459 3631 650 3708 Atticorum,
671 3654 725 3695 nn.
738 3633 810 3700 916.
830 3635 904 3700 989.
923 3633 1003 3698 etin
1019 3635 1123 3715 2664,
1139 3637 1193 3720 qui
1209 3649 1241 3702 et
1261 3637 1327 3726 ipse
1349 3665 1391 3706 ex
1413 3642 1556 3710 Halicar-

163 3743 280 3814 nassiis
305 3755 360 3808 eat.
419 3739 563 3806 Conferri
585 3753 715 3828 possunt
733 3753 766 3806 et
782 3739 1046 3828 Aphrodisiensis,
1065 3767 1096 3807 n.
1114 3745 1206 3809 2826.
1231 3757 1263 3810 et
1288 3745 1553 3836 Hierapolitanos,

198 4017 212 4051 e
231 4007 291 4054 Vitia
300 4005 402 4054 Feiiowa
412 4005 491 4066 Lycia,
499 4019 521 4064 p.
530 4005 584 4052 416.
596 4003 632 4050 tit.
642 4003 694 4050 169.
706 4005 742 4050 15.
921 4004 928 4034 ⁸
945 4003 1086 4052 Nobilitatur
1096 4005 1134 4051 hic
1144 4004 1226 4053 titulus
1237 4019 1277 4066 per
1290 4021 1372 4054 nomen
1384 4007 1551 4057 Panteicouem

199 4099 211 4126 ¹
231 4093 297 4144 Ocni.
311 4091 378 4140 Pind.
390 4090 497 4137 Isthmi.
510 4091 547 4136 at.
570 4089 640 4149 Pyth.
649 4101 677 4136 u.
692 4089 730 4136 18.
751 4087 840 4134 Mne·
888 4088 948 4136 Vide
959 4087 1069 4136 Herodot.
1080 4101 1097 4135 1.
1107 4091 1145 4136 92.

163 4193 206 4238 „t
217 4185 245 4231 in
254 4181 306 4228 libr.
318 4178 346 4225 de
357 4177 459 4238 Spectac-
464 4174 626 4232 Tertullinus,
639 4189 659 4221 c.
668 4187 703 4222 rx.
921 4179 931 4204 ²¹
947 4173 1038 4220 Nomen
1049 4174 1139 4222 ridetur
1149 4175 1244 4222 fluxim
1254 4190 1285 4222 ex
1297 4176 1411 4236 Serapide,
1420 4183 1447 4224 ut
1455 4177 1552 4235 Πολιάς

199 4276 210 4301 ι
230 4266 288 4324 Peg,
301 4262 355 4309 lit.
367 4273 385 4306 s.
397 4259 427 4306 ad
437 4257 473 4306 tit.
481 4269 538 4306 xm.
556 4256 622 4306 Ocni.
634 4255 711 4304 Pitisc.
723 4255 764 4304 ubi
777 4267 839 4314 supr.
887 4270 903 4304 e
914 4255 1003 4315 Πόλις,
1015 4261 1039 4304 et
1055 4257 1108 4304 sim.
1139 4256 1200 4306 Vide
1215 4263 1274 4307 nott.
1287 4259 1317 4305 ad
1327 4259 1363 4306 tit
1373 4272 1435 4319 supr.
1447 4255 1551 4310 dxxxix.

162 4353 215 4404 voi.
227 4363 255 4397 n.
266 4361 289 4408 p.
297 4347 351 4393 267.
364 4357 382 4390 s.
888 4339 931 4388 tub
942 4339 980 4386 sut

820 4421 905 4486 ixi
