4004 5264
464 561 505 628 68
850 557 1201 627 INSCRIPTIONES
1223 559 1415 627 GRAECAE.
1462 561 1848 650 [maeatarum-xm.

538 748 766 822 LXXXIX„
805 747 932 822 Refert
959 747 1086 821 titulus
1120 747 1310 822 donarium
1330 747 1512 848 ,Serapidi
1540 749 1682 846 diisque
1713 749 1849 838 eunetis

463 871 625 944 oblatum
649 895 671 943 a
696 867 855 967 quodam
873 869 1106 968 Apollonida,
1126 870 1408 965 Alexandrensi‚
1431 885 1580 968 propter
1606 871 1850 946 liberationem

462 993 542 1086 ejus
575 1015 597 1063 a
629 990 767 1062 morbo.
819 989 1052 1086 Descriptum
1079 989 1190 1064 habui
1218 989 1264 1064 de
1295 1015 1357 1064 ma
1382 991 1506 1064 votiva
1534 990 1631 1064 inter
1663 989 1851 1087 parietinas

464 1110 586 1199 Gnidi,
603 1135 716 1209 prope
733 1109 923 1185 theatrum.
977 1111 1127 1187 Contuli
1154 1137 1300 1209 quoque
1328 1110 1575 1210 apographum
1599 1137 1621 1185 a
1643 1111 1709 1185 Ι)Ιὶο
1726 1109 1850 1184 Rossio

463 1229 508 1306 de
527 1231 780 1330 Bladensburg
796 1231 1052 1306 concinnatum
1069 1232 1169 1329 quod
1186 1233 1233 1306 ad
1249 1257 1307 1306 me
1324 1232 1423 1305 misit
1439 1232 1649 1305 Borrellius.
1687 1231 1849 1304 Laounaa

462 1375 572 1425 nemo
598 1351 638 1424 in
655 1377 687 1424 v.
701 1354 733 1423 1.
785 1351 893 1436 Dein,
910 1351 947 1423 in
967 1354 1000 1425 6.
1019 1357 1258 1427 ΧΑΡΙΣΤΕΙΑ
1292 1377 1314 1426 a
1339 1352 1461 1426 littera
1489 1352 1637 1426 ineunte
1665 1375 1749 1424 cum
1766 1371 1850 1424 voce

464 1483 689 1568 suprastante
707 1469 923 1545 ordinatum.
977 1471 1123 1560 Contra,
1142 1473 1296 1572 spatium
1317 1473 1356 1546 in
1378 1495 1556 1546 marmore
1574 1471 1741 1546 exstabat
1757 1467 1852 1568 quod

462 1591 701 1689 impleverant
717 1591 848 1666 litterae
866 1591 995 1666 deletae
1015 1601 1083 1668 ΕΥ.

538 1710 622 1786 XC.
650 1709 798 1783 Titulus
819 1710 1028 1808 sepulcralis
1049 1710 1271 1808 compositus
1299 1711 1338 1784 in
1367 1709 1543 1783 honorem
1571 1709 1709 1782 Damus
1738 1710 1851 1806 eujus·

463 1828 556 1903 dam.
609 1829 724 1904 Aram
752 1831 903 1904 ornabat
932 1854 1041 1926 quam
1068 1856 1090 1904 a
1118 1830 1242 1908 Gnido
1276 1829 1464 1904 advectam
1497 1830 1593 1903 inter
1622 1827 1766 1903 cimelia
1792 1851 1852 1902 sua

462 1962 621 2024 asservat
640 1950 802 2049 Smyrnae
821 1949 1028 2023 Borrellius.

536 2070 739 2158 Dorismus‚
757 2069 857 2168 quod
874 2071 1158 2168 exspectaveris·
1169 2071 1207 2145 in
1223 2069 1295 2146 hoo
1311 2071 1419 2145 titulo
1436 2069 1607 2144 cernitur.

534 2189 638 2266 XCI.
667 2191 797 2264 Parem
824 2216 908 2265 oum
935 2205 1120 2289 praeeunte
1147 2191 1322 2265 honorem
1350 2188 1551 2289 Dionysadi
1578 2187 1716 2264 Gnidio
1742 2187 1803 2284 qui
1832 2211 1851 2259 a
1980 2207 1981 2224 ³

461 2307 594 2382 Rhodo
623 2309 819 2384 advenerat
845 2310 904 2384 hic
935 2313 1062 2386 titulus
1088 2311 1208 2386 refert.
1263 2312 1427 2410 Spatium
1457 2309 1551 2384 infra
1581 2309 1618 2382 in
1642 2307 1768 2383 eadem
1790 2332 1848 2380 am

934 2838 1385 2916 HALICARNASSUS.

1108 3053 1218 3148 rafim·

1062 3232 1186 3307 XCII.
1213 3257 1242 3305 a

537 3395 1014 3474 Titulunhonorifieushris
1027 3396 1227 3494 cujusdam,
1240 3397 1497 3496 civis‘insignis
1516 3397 1847 3482 Halicarnassensis,

462 3515 661 3594 secundum
678 3520 778 3618 leges
795 3517 951 3592 civitatis
970 3516 1137 3591 decretus
1153 3520 1202 3592 ob
1215 3517 1416 3617 prosapiam
1433 3519 1612 3592 illustrem
1629 3519 1848 3616 virtutesque

462 3639 509 3712 ad
525 3639 714 3737 exemplar
732 3661 882 3711 avorum
899 3648 1134 3733 comparatas.
1382 3635 1385 3642 ’

536 3753 593 3825 De
624 3775 811 3837 marmore,
838 3749 1015 3848 fragmine
1038 3749 1144 3838 basis,
1172 3749 1311 3847 opinor,
1340 3749 1505 3824 maceriae
1527 3748 1625 3824 horti
1651 3751 1689 3824 in
1718 3749 1848 3849 oppido

471 3871 639 3944 Vatdrztm
655 3869 825 3956 immisso,
844 3867 1064 3964 descriptum
1079 3867 1198 3942 habui.

502 4079 505 4086 Ι
537 3991 632 4066 Cum
648 3990 738 4062 meis
752 3988 940 4086 sequentia
952 3987 1110 4080 contuli3
1136 3988 1175 4060 in
1196 3988 1321 4086 primis
1343 3987 1589 4086 apographum
1606 3987 1704 4063 tituli
1719 3988 1848 4088 integri

461 4135 482 4181 a
500 4109 677 4183 Borrellio
695 4107 854 4193 missum,
871 4105 910 4178 in
935 4130 1009 4202 quo
1034 4105 1202 4179 notandae
1219 4107 1371 4181 veniunt
1387 4107 1647 4206 discrepantiae,
1668 4115 1849 4185 ΕΤΗΜΗ·

460 4234 550 4303 ΣΕΝ
569 4230 608 4302 in
624 4255 657 4301 v.
678 4231 710 4302 2.
729 4233 840 4301 ΤΑΙΣ
857 4227 895 4300 in
914 4227 945 4299 6.
963 4249 1016 4323 pr.
1050 4231 1176 4302 nox!
1192 4227 1230 4318 in
1249 4229 1282 4301 9.
1300 4227 1360 4300 fin.
1397 4229 1567 4326 maozin
1587 4231 1643 4304 10.
1675 4237 1847 4306 ΑΛΛΤΙΝ
1978 4251 1979 4270 ’

462 4353 500 4424 in
516 4353 571 4423 12.
609 4357 634 4423 Γ
637 4354 877 4424 ΕΝΗΘΙΣΑΝ
895 4347 933 4421 in
950 4347 1014 4444 ult.
