3972 5240
144 551 418 630 monacorum]
756 545 942 613 LACINA.
1478 550 1539 615 249

141 735 272 817 πάτου
305 735 573 839 λαμπροτάτου
603 737 742 819 Τατίου
772 744 948 820 Τιτιανοῦ
979 735 1025 846 τῇ
1055 737 1268 845 γλυκυτάτῃ
1306 740 1456 842 πατρίδι
1490 743 1540 845 τῷ

143 868 341 948 Λακινέων
361 868 464 976 δήμῳ
493 867 587 968 μετὰ
616 868 743 954 πάσας
762 867 880 974 ἀρχάς
899 905 938 950 τε
959 873 1019 950 καὶ
1049 871 1282 975 λειτουργίας
1307 873 1367 950 καὶ
1388 875 1538 950 διαπον-

142 1006 252 1087 τίους
274 1003 480 1107 πρεσβείας
508 995 552 1088 ἂς
580 1002 718 1102 ἤνυσεν
738 1006 798 1083 ἐπὶ
827 1007 914 1081 θεοῦ
935 997 1139 1100 Κομμόδου
1158 997 1322 1106 Τρύφων
1340 998 1539 1082 Ἀπολλω-

144 1138 270 1230 νίδου,
283 1131 542 1240 ὑποσχόμενος
559 1131 632 1214 ἀπὸ
652 1139 718 1234 τῆς
737 1131 971 1236 γλυκυτάτης
986 1129 1170 1236 θυγατρὸς
1189 1133 1283 1218 ἰδίας
1299 1127 1381 1237 (τῆς
1405 1135 1539 1227 δεῖνος)

143 1274 211 1350 καὶ
230 1265 684 1374 προσφιλοτιμησοὶμενος
694 1265 789 1368 μετὰ
800 1273 865 1368 τῆς
878 1263 1052 1370 γυναικὸς
1064 1269 1223 1368 Ἀμμίας
1235 1272 1295 1348 καὶ
1309 1267 1391 1368 (τῆς
1403 1273 1521 1354 δεῖνος
1535 1289 1540 1336 ²

142 1407 216 1502 τῆς
237 1397 422 1504 θυγατρὸς
442 1401 553 1500 αὐτῆς
574 1404 634 1482 καὶ
653 1399 766 1486 αὐτὰς
786 1401 847 1481 διὰ
865 1403 952 1498 βίον
970 1401 1151 1506 μετέχειν,
1171 1403 1370 1486 ἐκτελέσας
1399 1399 1441 1481 τὸ
1470 1410 1538 1497 βα-

657 1539 808 1612 λανεῖον
826 1533 1050 1636 παρέδωκεν.

226 1747 374 1818 Titulus
391 1757 648 1820 commemorat
665 1745 947 1819 munificentiam
965 1747 1004 1818 in
1020 1747 1212 1844 populures
1231 1774 1314 1822 suos
1334 1750 1540 1848 Tryphonis

141 1865 348 1962 eujusdam,
383 1865 448 1938 filii
483 1866 723 1964 Apollonides,
767 1869 990 1964 cunctisque
1019 1869 1298 1966 magistratibus,
1333 1871 1540 1945 ministeriis

141 1985 317 2083 publicis,
334 1997 372 2056 et
399 1984 640 2082 legationibus
666 1982 857 2081 perfuncti,
879 1985 943 2080 qui
965 1985 1061 2058 aedes
1082 1985 1280 2059 balnearios
1307 1999 1539 2061 exstruxerat

143 2107 321 2201 donoque
332 2107 602 2192 Lacinensibus,
614 2107 665 2178 itu
675 2117 795 2179 tamen
808 2119 850 2180 ut
865 2132 953 2180 usus
970 2106 1110 2181 fructus
1119 2133 1185 2205 per
1198 2109 1308 2182 vitam
1320 2123 1542 2206 competeret

141 2227 260 2300 uxori
278 2239 315 2299 et
331 2225 484 2312 filiabus,
503 2225 660 2300 dederat.
723 2228 766 2298 In
784 2228 937 2301 exordio
954 2229 1101 2326 ponitur
1118 2229 1273 2303 formula
1291 2231 1448 2304 solennis
1465 2257 1542 2328 pre·

142 2373 233 2422 cum
252 2371 320 2444 pro
337 2347 462 2440 salute,
474 2357 540 2420 etc.
559 2347 827 2444 imperatorum,
845 2349 977 2444 quibus
996 2349 1179 2423 adduntur
1197 2351 1375 2444 Plautilla,
1399 2352 1543 2448 Augus-

142 2483 272 2540 torum
291 2466 420 2538 domus
437 2467 616 2550 universa,
634 2480 672 2540 et
691 2467 725 2542 S.
739 2470 778 2540 P.
795 2470 836 2562 Q.
852 2471 893 2542 R.

224 2591 466 2684 hperatores
494 2589 734 2674 nominantur,
761 2589 955 2686 Septimius
982 2590 1147 2675 Severus,
1167 2591 1361 2676 Caracalla,
1384 2605 1420 2664 et
1440 2594 1542 2678 Geta,

141 2711 290 2808 priores
308 2709 477 2806 Augusti,
495 2709 554 2782 hic
579 2710 720 2802 Caesar3
745 2713 896 2809 proinde
919 2713 1113 2786 innotescit
1137 2713 1239 2785 limes
1263 2716 1444 2810 temporie,
1470 2718 1543 2789 scil.

141 2833 192 2908 U.
209 2829 253 2904 C.
278 2831 358 2901 951.
385 2831 425 2902 P.
443 2829 594 2904 0198‘2
647 2831 766 2906 Audit
793 2857 900 2930 porro
925 2833 1062 2928 conjux
1080 2831 1275 2907 Caracallus
1289 2833 1432 2932 juvenis
1448 2835 1544 2912 Jurro

143 2951 328 3036 Εουιαοα,
347 2947 447 3043 quod
473 2951 617 3048 egregie
636 2949 792 3023 illustrat
815 2973 982 3022 nummus
1000 2949 1149 3022 Alindae
1165 2950 1263 3047 apud
1284 2950 1481 3049 Haymium
1504 2954 1543 3026 in

141 3095 222 3166 quo
240 3066 437 3165 epigraphe
460 3065 568 3140 obvia
592 3079 649 3140 est
667 3073 759 3140 ΝΕΑ
777 3119 787 3139 .
806 3074 926 3142 ΘΕΑ.
948 3071 1069 3141 ΗΡΑ’.
1102 3069 1308 3141 Plautillam
1340 3070 1543 3170 designans·

141 3195 203 3266 Ita
222 3189 272 3263 ad
289 3214 421 3262 annum
441 3191 486 3265 U.
499 3189 541 3264 C.
563 3193 646 3263 955.
665 3187 908 3287 provehimur,
933 3189 996 3263 ubi
1010 3214 1138 3286 nempe
1155 3188 1231 3262 filio
1247 3191 1467 3264 matrimonii
1492 3192 1543 3264 in·

140 3310 359 3386 faustissimi
376 3323 502 3384 auctor
517 3309 588 3383 fuit
607 3310 794 3384 Severus'.

223 3433 457 3529 Descriptum
487 3427 598 3505 habui
628 3433 774 3504 titulum
803 3431 848 3504 de
875 3457 1052 3505 marmore
1080 3431 1274 3504 insontem
1303 3433 1403 3506 illato
1432 3457 1543 3530 prope

139 3555 272 3627 vicum
304 3553 502 3626 Turcicum
533 3549 698 3626 Yarrastt
727 3552 791 3647 qui
820 3553 918 3648 jacet
946 3553 984 3624 in
1013 3551 1142 3624 itinere
1172 3552 1218 3624 ab
1248 3551 1383 3649 oppido
1404 3552 1545 3627 Παρίοις

142 3667 273 3790 (ff)
300 3676 347 3750 ad
369 3675 527 3750 Bordar
548 3678 612 3749 ubi
640 3675 857 3749 crediderim
886 3677 988 3748 sitam
1019 3675 1129 3749 fuisse
1151 3672 1369 3775 Cretopoliff.
1425 3677 1545 3750 Distat

140 3799 319 3873 Africum
339 3821 463 3870 versus
485 3797 567 3895 plus
593 3798 710 3869 minus
729 3797 858 3894 viginti
885 3797 998 3870 millia
1024 3821 1193 3892 passuum
1215 3797 1334 3868 avico
1360 3794 1449 3870 de·
1467 3799 1545 3893 (vel

183 4051 199 4080 ¹¹
213 4041 294 4099 Vide
312 4041 456 4116 Spartian.
476 4041 508 4098 in
528 4042 642 4110 Severo,
662 4057 726 4098 xvt
742 4051 771 4098 et
792 4042 823 4098 in
874 4059 952 4116 supr.
968 4059 996 4116 p.
1007 4043 1072 4096 224.

139 4145 231 4210 Geta,
248 4158 279 4196 v,
301 4137 421 4198 Eckhel.
432 4139 488 4197 vot
499 4157 551 4198 vm
563 4159 590 4216 p.
601 4137 665 4203 176.
675 4141 703 4196 b.
914 4143 929 4173 ¹
944 4136 1165 4197 Haecleakiane
1178 4138 1347 4213 conjecture
1360 4147 1412 4208 est,
1425 4141 1473 4198 oui
1484 4161 1544 4198 om-

183 4245 197 4275 '
216 4238 320 4296 Refert
334 4236 491 4296 Eckhelius
505 4239 536 4295 in
549 4258 577 4315 p.
587 4237 653 4302 227.
672 4237 741 4296 ibid
871 4239 940 4295 nino
953 4237 1167 4296 assentiendum
1180 4249 1261 4314 puto.
1294 4237 1363 4296 viu
1377 4247 1437 4298 not.
1452 4243 1498 4305 29.
1514 4241 1544 4299 in

184 4337 304 4395 'Confi
326 4337 408 4393 Dion.
438 4355 567 4396 cxxxvi.
597 4340 618 4394 l.
646 4336 737 4395 Eckh.
770 4338 822 4394 ubi
873 4336 1031 4394 Arundelli
1048 4351 1101 4394 vu.
1123 4337 1230 4394 Eccles.
1245 4336 1348 4413 psit.

212 4451 333 4498 msere.
349 4453 384 4496 11.
826 4435 843 4493 t
862 4451 883 4492 n
