3956 5248
181 581 284 628 tusce.
295 565 638 654 ccxxm.—ccxxv11.]
779 565 1000 632 ATTALIA.
1508 568 1569 630 411

186 748 296 836 opinor
310 747 350 816 dc
364 749 524 838 particulis
540 750 697 817 deauratis
707 751 832 838 (ψεκύσι
840 751 891 818 vel
905 751 1051 838 dcxdcd)
1063 773 1150 836 ques,
1161 749 1294 815 ornandi
1305 773 1405 828 cause,
1422 749 1570 818 adhibere

186 853 326 920 solebant
340 854 503 922 architecti
517 854 696 943 Byzantini.
740 855 870 922 Exinde
891 855 1018 922 fortasse
1035 879 1151 924 nomen
1164 855 1303 922 inditum
1317 855 1403 942 quod
1417 855 1451 920 in
1466 857 1571 944 appel·

185 959 301 1026 latione
315 959 467 1028 hodierna
480 976 690 1028 conservetur.

248 1066 289 1131 In
300 1091 331 1132 v.
339 1068 370 1132 4.
385 1067 494 1156 fragm.
505 1070 529 1132 ι’.
545 1091 712 1156 agnoscere
728 1068 873 1135 videmur
891 1070 993 1144 secra¹‚
1015 1068 1052 1137 ‘0
1076 1067 1190 1146 σώζων
1207 1071 1282 1146 τοὺς
1306 1067 1495 1145 ἐλπίζοντας
1518 1071 1568 1136 ἐπὶ

185 1175 238 1239 σε’.
253 1176 328 1259 ..τῇ
337 1169 421 1258 δεξιᾷ
430 1201 499 1240 σου.
544 1173 877 1262 Composituequoque
892 1173 1019 1240 videtur
1032 1199 1065 1241 v.
1076 1176 1108 1241 5.
1124 1175 1164 1240 ed
1179 1175 1311 1242 eandem
1322 1187 1495 1240 normemm.
1532 1175 1572 1242 In

186 1279 214 1343 6.
231 1281 363 1356 ἐπακτὸς
377 1277 450 1344 setis
464 1292 583 1358 notum,
599 1302 640 1346 sc.
663 1281 757 1367 ιἰυύρ,
772 1283 918 1368 στρατός,
934 1283 1039 1369 ὅρκος,
1055 1283 1162 1367 ἡμέρα,
1175 1293 1234 1344 etc.
1281 1278 1345 1345 Sed
1359 1303 1481 1366 nequeo
1503 1303 1570 1346 sen·

183 1407 254 1450 sum
276 1383 470 1461 continuum,
486 1383 541 1470 qui
565 1383 646 1450 mihi
669 1384 793 1472 penitus
815 1384 991 1462 satisfaciat,
1006 1383 1170 1451 extricare.
1216 1383 1310 1450 Certe
1336 1385 1421 1469 quod
1445 1385 1515 1450 dixi
1535 1385 1570 1450 in

184 1485 262 1554 VV.
274 1487 340 1553 LL.
356 1487 396 1554 de
410 1490 505 1553 madia
518 1491 654 1575 impeta
667 1488 737 1556 loco
751 1487 810 1554 vix
824 1489 981 1555 convenit.

247 1597 287 1664 In
309 1597 421 1664 ultimo
443 1598 619 1689 fingmento
644 1598 835 1688 conspicitur
859 1600 986 1668 fortasse
1009 1595 1100 1678 ΙΝΔ,
1123 1600 1156 1666 h.
1170 1623 1197 1667 e.
1221 1599 1442 1679 Ἰνδιιιτεῶνος,
1474 1615 1510 1666 ut
1533 1603 1567 1667 in

183 1721 352 1792 prseeunte,
367 1719 400 1772 et
414 1704 482 1771 aliis
496 1705 637 1792 ejusdem
650 1705 759 1772 oe'tstis.

792 1873 965 1942 CCXXV.

248 2021 277 2084 2.
302 2025 495 2107 Πυργύσκον.
539 2019 1021 2088 Videnot.edtit.nxxv111.l.
1066 2021 1177 2088 Franz.
1192 2022 1331 2088 midi.
1346 2023 1395 2086 13.

782 2223 975 2292 GOXXVI.

248 2371 277 2435 3.
302 2375 398 2458 Νύνῳ
452 2370 530 2436 Erat
545 2371 643 2437 aetatis
668 2369 818 2457 sequioris
839 2371 968 2438 miscere
982 2371 1111 2438 nomina
1123 2393 1275 2459 generum
1286 2369 1499 2436 diversorum:
1521 2367 1565 2433 sic

182 2475 216 2542 in
228 2473 256 2540 F
256 2476 402 2542 nannieno
417 2499 500 2565 supr.
516 2475 568 2542 cit.
580 2500 612 2543 v.
626 2477 675 2542 10.
690 2477 842 2544 hebemus
855 2476 970 2568 Ἑλένῃ
984 2485 1023 2566 τῇ
1037 2484 1086 2546 καὶ
1100 2479 1234 2566 ’Appiam
1249 2474 1329 2542 etin
1343 2499 1373 2539 n.
1389 2475 1483 2540 4292.
1499 2476 1528 2538 4.
1541 2497 1564 2538 e.

185 2585 310 2668 Μορκύο
326 2582 534 2668 Αὐρ.Ἀπφύῳ
549 2587 588 2670 τῇ
603 2587 652 2650 καὶ
669 2579 868 2668 Πτολεμαΐδι.
925 2581 1015 2647 conf.
1030 2580 1157 2668 Smym.
1172 2602 1255 2667 supr.
1267 2599 1372 2644 οων.
1418 2577 1565 2646 Ceterum

183 2699 213 2752 et
229 2683 378 2755 feminina
387 2685 474 2772 justa
488 2685 582 2752 obvia
595 2698 668 2752 sunt
681 2684 716 2754 in
729 2685 792 2752 titt.
808 2686 918 2754 Franz.
934 2688 1028 2754 4244.
1040 2686 1134 2752 4266.
1149 2707 1191 2751 sc.
1208 2690 1308 2764 Νοιύς
1322 2697 1354 2752 et
1370 2687 1468 2764 Νύνη.

766 2893 974 2964 ccxxvfl.

248 3047 275 3112 1.
299 3053 422 3124 Λοῢιις,
441 3060 500 3112 etc.
545 3045 672 3113 Dicitur
684 3069 741 3134 pro
764 3049 907 3124 Λούκιος,
925 3057 962 3112 ut
978 3049 1125 3122 Πάκωνις
1145 3065 1201 3132 pro
1223 3045 1395 3120 Πικιύνιος.
1437 3041 1561 3108 Justem

182 3147 381 3235 scriptionem
396 3147 489 3214 video
514 3147 549 3212 in
572 3147 666 3213 titulo
681 3147 817 3236 quodem
833 3147 900 3214 Coo
914 3171 957 3213 ex
971 3147 1058 3224 meis,
1074 3169 1199 3234 nempe,
1221 3150 1356 3224 Λούκιος
1373 3145 1460 3234 (cum
1483 3146 1560 3225 eliis,

182 3256 300 3332 Αὖλος,
317 3255 473 3342 Μάρκος),
501 3257 675 3333 Haeduico.
718 3254 832 3320 Nostra
850 3253 1024 3320 barbariem
1038 3253 1172 3342 sepiunt,
1188 3267 1224 3318 ut
1246 3257 1373 3342 Λύτορις
1398 3251 1432 3316 in
1457 3253 1560 3342 sepul·

166 3359 256 3426 ‚ercii
270 3383 364 3446 quem
389 3384 485 3449 prope
510 3361 677 3452 Smyrnam
699 3360 858 3450 descripsi,
882 3361 1037 3448 videoque
1059 3361 1142 3428 inter
1167 3359 1379 3440 Boethium,
1402 3385 1433 3426 n.
1456 3361 1559 3440 3309,

179 3489 236 3555 pro
251 3469 408 3554 Λιτύριος.
1347 3493 1354 3502 ’

244 3570 294 3636 De
309 3595 376 3637 voc.
393 3574 576 3660 secerdotes
589 3569 624 3636 in
637 3569 699 3639 hoo
713 3595 806 3640 versu
820 3572 894 3640 vide
909 3573 949 3640 cd
963 3597 1026 3661 seq.
1042 3599 1074 3642 v.
1088 3577 1117 3642 3.

211 3757 222 3792 ¹
238 3759 300 3808 Vox.
315 3763 369 3810 obv.
385 3761 411 3808 in
421 3761 534 3810 Herodot-
546 3774 588 3811 ιιι.
605 3764 642 3810 10.
662 3769 723 3811 extr.
741 3763 766 3812 in
776 3777 845 3814 amen
928 3765 934 3802 ¹
952 3767 1013 3816 Wde
1023 3767 1108 3817 Pmlm
1120 3783 1185 3819 xru.
1197 3773 1219 3820 7.
1230 3771 1255 3818 in
1263 3783 1324 3820 cxx.

175 3847 276 3908 primia.
310 3847 374 3894 Alibi
386 3847 436 3910 (cx.
448 3861 468 3894 c
477 3847 501 3894 in
512 3845 651 3909 Antholog.)
662 3848 777 3909 significat
784 3863 844 3910 per·
925 3859 943 3886 ³
956 3853 1015 3902 Vide
1029 3855 1132 3904 Macceb.
1150 3869 1178 3904 ιι.
1188 3858 1210 3904 8.
1225 3859 1262 3904 14.
1279 3855 1357 3920 Ὁμοῦ
1369 3856 1394 3906 di
1404 3859 1451 3908 riv
1461 3857 1557 3923 Κύριον

177 3931 272 3979 melan
289 3947 381 3978 arm:
409 3934 464 3980 aeri
481 3947 571 3994 quoque
585 3939 629 3980 etc.
655 3933 714 3981 Vide
733 3933 843 3994 stephan.
894 3934 985 3995 ἠξίουν
995 3932 1124 3998 ῥύσασθαι
1135 3938 1196 3996 τοὺς
1209 3937 1261 3988 ὑπὸ
1270 3942 1316 3988 τοῦ
1325 3937 1466 4001 δυσσεβοῦς
1480 3941 1556 3990 Νικά-

177 4017 271 4064 Pesaov.
287 4017 311 4063 in
332 4031 382 4064 voc
401 4017 454 4075 Hic,
474 4018 561 4078 opinor,
581 4031 660 4065 senam
680 4023 716 4066 eet
735 4016 841 4083 ψηφίον,
892 4021 1045 4084 νοροςπρύν
1057 4024 1199 4087 συντυχεῖν
1209 4021 1397 4086 πιπρομύνους.
1425 4025 1510 4085 impios
1520 4027 1558 4074 hic

176 4101 240 4162 quali
248 4102 370 4150 utebmtnr
380 4101 405 4148 in
419 4115 486 4162 opere
496 4103 586 4150 musivo
596 4102 738 4163 liquentium
748 4109 772 4150 et
779 4105 841 4164 parl-
891 4111 983 4154 vocatoe
999 4107 1132 4154 crediderim
1148 4109 1218 4156 inirae
1228 4107 1354 4158 Saracenos
1365 4110 1404 4169 qni
1415 4110 1474 4158 ballo
1484 4125 1556 4160 vexa·

176 4193 240 4234 m
255 4187 387 4248 Bymntini
404 4185 591 4247 Hmcadquando
599 4188 746 4248 deserebant,
761 4189 843 4238 nitoris
891 4191 948 4240 bant
958 4191 1119 4251 Imperatorem
1138 4193 1285 4242 Condacum
1295 4207 1329 4252 m,
1342 4194 1427 4254 Africa,
1439 4195 1554 4258 Aegypto,

177 4272 278 4330 ιοιοιιο,
294 4277 321 4318 uc
335 4272 734 4324 commendemens
751 4273 842 4335 eopu·
891 4275 1082 4338 cypromues
1100 4277 1165 4326 Ru
1179 4281 1296 4328 cor-eea.

176 4355 513 4418 epudconstmtinopoiitanoe.

823 4441 878 4508 3ο
893 4443 914 4514 2
