3992 5240
458 552 517 616 128
864 549 1216 618 INSCRIPTIONES
1239 551 1431 620 GRAEOAE.
1628 555 1827 639 [mccccuv.

559 743 830 847 Πολυῤῥηνίων
849 746 884 822 οἱ
906 737 1057 844 Κόσμοι
1077 746 1137 824 καὶ
1156 747 1181 824 ἆ
1198 741 1310 830 πόλις
1328 701 1453 847 Τιγΐων
1472 748 1523 854 τῷ
1542 743 1662 856 Δόμιρ

558 876 618 954 καὶ
639 910 662 955 τ
681 877 836 982 Βᾷουλᾷ
853 875 1008 981 χαίρειν.
1068 876 1327 980 Κομισόμενοι
1347 877 1390 960 τὸ
1409 877 1596 987 ψόφισμα
1614 877 1658 962 τὸ
1678 877 1762 986 παρ’

556 1008 668 1106 ὑμῶν,
690 1005 710 1086 ὃ
732 1005 889 1088 ἐδώκατε
909 1007 1037 1114 φέρειν
1054 1005 1150 1113 πρὸς
1169 1009 1265 1110 ἀμᾶς
1285 1015 1363 1095 τοῖς
1381 1018 1632 1114 πρεσβευταῖς

555 1140 828 1253 Ἀπολλοδότιρ
847 1147 906 1224 καὶ
928 1144 1101 1252 Κολώτᾳ,
1117 1143 1185 1226 τόν
1204 1181 1244 1228 τε
1264 1145 1485 1251 καθιέρωσιν
1500 1149 1551 1255 τῷ
1570 1154 1661 1228 Διο-

480 1285 500 1354 5
554 1271 667 1383 νόσῳ,
688 1273 756 1356 τόν
775 1312 815 1358 τε
834 1274 949 1358 πόλιν
967 1280 1028 1358 καὶ
1047 1276 1116 1360 τὰν
1134 1279 1261 1384 χώραν
1281 1279 1367 1380 ἐμεν
1382 1278 1484 1385 ἱερὰν
1503 1283 1563 1361 καὶ
1583 1281 1731 1362 ἄσυλον

557 1407 719 1506 δίδομεν,
739 1407 799 1487 καὶ
818 1407 864 1490 τὰ
884 1407 1002 1488 λοιπὰ
1020 1406 1068 1489 τὰ
1087 1409 1305 1514 ὑπάρχοντα
1324 1411 1409 1510 ὑμῖν
1430 1409 1567 1517 ἔνδοξα
1582 1415 1642 1491 καὶ

556 1539 659 1638 τίμια
678 1537 1049 1644 συνδιαφυλαξίομεν
1061 1540 1360 1647 ἀπροφασίστως
1380 1541 1441 1648 ἐφ’
1462 1541 1558 1622 ὅσον
1577 1540 1608 1622 κ’
1630 1541 1742 1642 ἕωμεν

554 1671 715 1751 δυνατοί·
746 1673 806 1750 καὶ
826 1669 860 1750 εἴ
876 1670 971 1755 τινές
991 1706 1038 1750 κα
1056 1672 1131 1751 τῶν
1147 1672 1418 1775 Πολυῤῥηνίων
1436 1671 1670 1775 ἀδικήσωσίν
1688 1708 1766 1754 τινα

553 1803 689 1904 Τηΐων,
709 1800 732 1904 ἢ
752 1806 826 1884 τῶν
846 1807 885 1884 ἐν
904 1802 986 1911 Τέιρ
1004 1799 1229 1908 παροίκωνῆ
1250 1806 1356 1912 κοινᾷ

455 1946 499 2016 10
550 1931 574 2036 ἢ
595 1935 669 2041 ἰδίᾳ
687 1933 791 2040 παρὰ
809 1933 852 2018 τὸ
872 1933 1020 2044 γραφέν
1040 1933 1163 2039 δόγμα
1181 1938 1267 2040 περὶ
1286 1943 1352 2022 τᾶς
1371 1939 1532 2024 ἀσυλίας
1557 1935 1628 2019 ὑπὸ
1648 1945 1714 2023 τᾶς

552 2063 698 2153 πόλεως
717 2075 783 2154 τᾶς
804 2067 1088 2174 Πολυῤῥηνίων,
1109 2065 1252 2173 ἐξέστω
1272 2070 1323 2176 τῷ
1341 2070 1628 2177 παραγενομένῳ

552 2199 689 2301 Τηΐων,
709 2196 732 2300 ἢ
753 2203 827 2282 τῶν
845 2201 1034 2305 παροίκων
1053 2201 1127 2281 τῶν
1148 2201 1187 2279 ἐν
1201 2199 1295 2307 Τέῳ,
1316 2201 1566 2297 ἐπιλαβέσθαι
1591 2205 1651 2282 καὶ
1671 2205 1743 2282 τῶν
1761 2236 1824 2282 σω·

551 2330 678 2433 μάτων
698 2334 758 2412 καὶ
782 2331 996 2438 χρημάτων,
1017 2331 1051 2412 εἴ
1067 2331 1122 2418 τίς
1142 2367 1190 2413 κα
1211 2332 1296 2438 ἄγῃ·
1319 2337 1354 2411 οἱ
1374 2330 1415 2412 δέ
1435 2330 1586 2434 Κόσμοι
1606 2339 1641 2414 οἱ
1661 2331 1736 2415 τόκ’
1762 2336 1811 2414 ἀεὶ

549 2467 769 2567 κοσμίοντες
789 2463 1119 2572 ἐπαναγκαζόντων
1139 2463 1365 2566 ἀποδιδόμεν
1384 2463 1448 2553 τός

453 2613 496 2680 15
551 2599 717 2705 ἔχοντας,
737 2599 885 2704 ἀζάμιοι
904 2600 1007 2684 ὄντες
1027 2603 1087 2680 καὶ
1107 2596 1334 2681 ἀνυπόδικοι·
1356 2597 1495 2705 ἀγγρό-

551 2738 624 2839 ψαι
643 2731 682 2812 δέ
703 2735 763 2813 καὶ
783 2729 826 2812 τὸ
848 2729 970 2835 δόγμα
990 2737 1040 2816 εἷς
1060 2729 1102 2812 τό
1124 2729 1224 2838 ἱερὸν
1242 2736 1294 2814 τῶ
1312 2729 1558 2818 Ἀπόλλωνος
1575 2735 1625 2812 τιῙι
1640 2739 1738 2812 Δελ-

550 2865 610 2971 φῶ
633 2861 696 2948 τδς
718 2863 956 2968 γραμματέας
983 2870 1047 2948 τᾶς
1072 2860 1229 2948 πόλεως’
1256 2867 1417 2964 δοθῆμεν
1441 2861 1481 2943 δέ
1505 2867 1566 2944 καὶ
1594 2863 1653 2970 ξέ-

548 3032 608 3077 νια
626 2995 673 3076 τὰ
693 3000 825 3078 ἐκτῶν
846 2993 967 3097 νόμων
985 3003 1247 3102 πρεσβευταῖς·
1271 2997 1356 3097 ἐμεν
1381 2995 1421 3076 δέ
1447 2999 1508 3078 καὶ
1534 3031 1626 3102 προ-

552 3126 658 3234 ξένος
678 3123 967 3208 Ἀπολλόδοτον
988 3123 1268 3212 Ἀστυάνακτος
1287 3130 1348 3208 καὶ
1369 3133 1443 3208 Κο-

448 3272 496 3342 20
547 3260 672 3340 λῶταν
689 3257 963 3360 Ἑκατωνόμου,
984 3261 1005 3339 ὁ
1026 3256 1136 3345 αὐτὸς
1155 3262 1216 3340 καὶ
1236 3256 1391 3364 ἕγγονός

550 3395 633 3473 ἐστι
663 3437 960 3454 ·······
990 3397 1063 3473 τῶν
1084 3393 1366 3498 Πολυρῥηνόων.

523 3571 667 3644 Titulus
697 3596 745 3643 ex
772 3571 1039 3669 insignioribuc
1109 3571 1295 3667 Descripsi
1329 3571 1375 3644 dc
1403 3569 1523 3668 lapide
1558 3570 1595 3642 in
1625 3567 1827 3669 apodyterio

442 3695 549 3788 juxta
559 3693 732 3788 parietem
741 3693 885 3788 jacente
899 3691 937 3763 in
953 3691 1035 3764 vico
1050 3691 1206 3764 Turcico
1220 3689 1412 3790 Siyadjclc,
1437 3691 1500 3786 qui
1516 3691 1554 3762 in
1571 3690 1826 3788 longitudinem

446 3814 592 3910 patebat
620 3811 731 3909 pcdcs
761 3824 834 3885 tres
864 3811 988 3885 uncias
1015 3809 1194 3897 undecim,
1223 3836 1306 3884 cum
1334 3810 1524 3884 latitudine
1555 3810 1734 3884 1‘11‘¹et
1761 3807 1827 3883 alti-

447 3935 572 4008 tudine
594 3933 624 4006 1‘
645 3933 701 4006 δ”.
754 3933 903 4006 Littcrae
930 3946 1030 4006 crant
1061 3933 1204 4006 circiter
1233 3932 1279 4033 ξ’
1298 3933 1389 4020 altae,
1408 3945 1446 4006 et
1466 3931 1512 4005 ad
1539 3931 1666 4003 laevam
1688 3941 1827 4027 partem,

486 4169 850 4248 'PocccketcliiSiqajilc
879 4169 935 4229 Sed
946 4171 1120 4228 voxTurcc·
1171 4169 1319 4240 constitui,
1342 4170 1483 4244 videoque
1514 4169 1711 4244 conjecturam
1739 4187 1755 4225 c
1780 4165 1828 4223 Po·

447 4273 563 4330 Persica
583 4279 627 4330 est
650 4263 727 4336 ab.
768 4270 870 4329 sedem
891 4269 1121 4329 Cherraeidcrum
1171 4269 1270 4328 cockio
1290 4269 1506 4346 comprobatam
1521 4268 1551 4325 in
1566 4268 1632 4326 libr.
1646 4267 1732 4325 inser.
1748 4264 1828 4337 antiq.

449 4373 528 4452 (vide
543 4372 639 4431 Strab.
652 4389 719 4430 xlv.
736 4373 759 4428 1.
775 4389 802 4448 p.
827 4373 890 4430 180.
912 4371 1056 4445 Tauchn.)
1070 4369 1119 4427 hic
1169 4371 1249 4446 pm.
