3952 5238
424 574 485 636 334
972 567 1264 637 AUGTARIUM.
1389 629 1391 636 ,
1543 567 1664 656 [meon
1676 589 1811 634 anxur.

425 757 585 824 Brancbotl
600 757 736 842 quodam
748 755 901 822 deductus
912 755 967 842 qni
978 755 1163 844 perhibetur
1171 753 1265 820 fuisse
1276 753 1328 820 vel
1343 753 1426 818 filius
1438 753 1490 820 vel
1501 755 1635 820 amasius
1645 753 1815 842 Apollinis.

427 862 549 928 Posteri
563 863 653 948 ejus,
669 859 868 940 Branchidae,
883 859 1090 926 sacerdotium
1105 858 1216 946 templi
1231 858 1361 924 obibant
1377 883 1475 944 usque
1491 859 1531 925 ad
1546 871 1670 925 estatem
1686 859 1816 936 Xerxis,

426 969 487 1047 cui,
503 968 655 1034 thesauris
667 968 718 1034 dei
727 967 859 1047 traditis,
872 991 904 1033 se
919 968 1142 1056 adjungebant,
1158 965 1250 1032 saluti
1262 965 1472 1054 potiusquam
1485 964 1632 1052 religioni
1646 964 1815 1030 studentes.

426 1075 530 1154 Quam
545 1074 712 1140 infeliciter
725 1075 786 1140 hoc
800 1073 892 1140 cessit
902 1073 1033 1161 posteris
1044 1096 1152 1138 eorum
1161 1071 1217 1158 qui
1229 1070 1343 1138 delicta
1354 1072 1508 1158 majorum
1523 1069 1673 1137 immeriti
1687 1071 1816 1136 luebant

425 1182 521 1248 tradit
536 1181 665 1248 Curtius
679 1181 761 1248 inter
774 1195 862 1270 gesta
875 1179 1063 1246 Alexandri.

490 1285 666 1352 Permansit
680 1309 754 1351 vero
772 1284 894 1373 religio,
910 1297 1002 1352 aucta
1025 1284 1059 1348 in
1082 1281 1191 1372 primis
1206 1307 1225 1348 a
1238 1281 1404 1360 Nicatore‘,
1420 1291 1452 1349 et
1475 1283 1607 1370 posteris
1621 1283 1690 1369 ejus
1706 1283 1813 1350 Seleu·

426 1390 514 1468 cidis,
539 1391 654 1457 deinde
677 1391 885 1457 aRcmanisss.
939 1389 1008 1456 Nec
1034 1389 1162 1456 deerant
1185 1389 1304 1455 Milesii
1329 1389 1390 1477 ipsi
1414 1389 1469 1476 qui
1492 1389 1699 1478 Didymeum
1721 1403 1814 1455 tante

427 1497 643 1585 amplitudinis
657 1511 883 1564 exsanxerunt
896 1509 933 1562 ut
946 1497 1029 1562 inter
1042 1495 1214 1583 typoertrah
1228 1497 1385 1562 manserit.

491 1601 677 1668 Branchidis
699 1601 852 1689 oppidum
872 1599 1002 1678 dietum,
1017 1613 1050 1664 et
1069 1599 1218 1687 Didyma,
1244 1623 1358 1688 nempe
1382 1625 1401 1666 a
1422 1601 1642 1690 superstitione
1656 1601 1816 1692 Apollinis

427 1707 596 1797 Didymei.
642 1707 807 1796 Originam
822 1705 1041 1795 appellationis
1054 1729 1142 1772 moro
1156 1729 1213 1771 suo
1227 1706 1445 1794 philosophico
1460 1708 1601 1796 explicat
1617 1709 1813 1786 Macrobius,

425 1813 631 1902 populariterl
656 1811 756 1900 magis
779 1809 1018 1876 Alexandrinus
1047 1827 1080 1876 et
1104 1809 1326 1890 Callimachus,
1354 1812 1407 1878 hie
1436 1838 1455 1880 a
1480 1815 1569 1880 cultu
1591 1815 1686 1882 simul
1704 1817 1813 1902 juncto

426 1923 517 1989 «lovis
532 1937 564 1989 et
578 1921 747 2011 Apollinis,
763 1920 816 1988 ille
832 1920 1011 1986 Latoidum.
1038 1918 1148 1986 Verba
1163 1919 1316 2010 Stephani
1340 1921 1455 1989 diserta
1465 1936 1559 2002 sunt;
1583 1923 1717 2010 Δίδυμα,
1730 1925 1815 1994 οὐδε·

424 2034 530 2113 ripere,
545 2030 646 2104 τόπος
660 2031 708 2094 καὶ
724 2034 871 2109 μαντεῖον
884 2023 1041 2103 Μιλήτου,
1058 2023 1271 2112 ἆφιιρωμένον
1287 2025 1341 2093 Διῒ
1355 2034 1404 2095 καὶ
1420 2028 1615 2098 Ἀπόλλωνι.

493 2132 639 2198 Titulum
664 2131 768 2219 ipsum
793 2130 991 2196 referendum
1016 2153 1083 2194 esse
1106 2130 1147 2196 ad
1172 2145 1294 2198 oetatem
1311 2133 1468 2199 Hadriani
1491 2134 1562 2200 dixi
1587 2137 1622 2201 in
1636 2136 1715 2202 VV.
1734 2136 1810 2214 LL.,

426 2237 587 2304 mentione
601 2238 683 2304 facta
698 2235 790 2302 Balbi
813 2235 1006 2324 proconsulis
1021 2249 1053 2300 et
1067 2259 1145 2324 opus
1159 2239 1400 2304 consecrationis
1425 2241 1465 2306 ab
1481 2241 1673 2330 Imperatore
1688 2243 1811 2309 deman-

428 2345 537 2411 datum
556 2343 733 2430 exsequuti.
778 2341 861 2408 Nam
880 2339 1050 2408 verisimile
1073 2352 1121 2406 est
1142 2337 1228 2410 hunc
1248 2343 1393 2421 Balbum,
1409 2345 1545 2412 eundem
1564 2345 1658 2413 fuisse
1673 2373 1747 2414 omn
1761 2349 1812 2414 illo

430 2451 488 2537 qui
499 2451 534 2516 in
545 2450 648 2516 Fastis
655 2447 880 2515 consularibus
894 2447 929 2513 in
944 2469 1026 2514 anno
1037 2448 1073 2514 P.
1085 2447 1121 2514 0.
1134 2451 1217 2529 129,
1229 2450 1289 2516 hoc
1304 2465 1360 2530 est,
1370 2450 1404 2516 in
1419 2451 1542 2520 decimo
1556 2453 1649 2520 tertio
1660 2453 1812 2520 Hadriani

428 2557 639 2646 conspicitur:
670 2557 755 2643 quod
784 2555 809 2622 ei
835 2579 946 2622 verum
978 2555 1019 2621 sit
1043 2555 1163 2622 evincit
1185 2553 1314 2621 titulum
1340 2573 1532 2624 coaetaneum
1561 2583 1625 2625 esse
1655 2585 1728 2626 cum
1754 2562 1812 2627 fine

427 2663 553 2753 imperii
574 2664 653 2750 ejus,
678 2677 754 2728 noto
778 2661 863 2750 quod
885 2662 955 2750 lege
979 2675 1106 2727 cautum
1130 2661 1225 2727 fuerit
1249 2662 1407 2728 neminem
1433 2663 1569 2752 potuisse
1593 2665 1661 2731 fieri
1685 2690 1813 2754 procon-

427 2771 527 2838 sulem
541 2767 602 2834 nisi
618 2767 740 2836 decimo
755 2767 1036 2857 postconsulatum
1051 2791 1142 2833 auno.
1190 2767 1290 2854 Atqui
1307 2767 1346 2835 de
1366 2768 1427 2836 boo
1450 2786 1634 2859 argumento
1654 2793 1697 2838 ex
1716 2773 1813 2839 nomi·

427 2879 521 2945 nibus
536 2878 609 2965 jure
627 2877 736 2943 statuit
750 2875 915 2942 Biickhius
929 2899 994 2942 esse
1009 2874 1090 2941 illud
1104 2875 1186 2942 inter
1199 2875 1338 2943 fallacial
1383 2876 1460 2942 Plus
1474 2875 1570 2943 semel
1584 2893 1735 2967 expertus
1749 2903 1814 2945 sum

429 2999 461 3050 et
474 2983 551 3072 ipse.
619 3041 622 3046 .

494 3089 690 3154 Memoratur
703 3109 828 3172 quoque
847 3085 1002 3174 Egnatius
1025 3085 1187 3152 Lollianus
1201 3085 1235 3152 in
1250 3085 1313 3152 fine
1328 3087 1423 3167 tituli,
1446 3089 1501 3174 qui
1520 3101 1553 3155 et
1573 3088 1607 3154 in
1623 3087 1815 3178 Thyatireuo

430 3216 498 3260 xvi.
513 3219 544 3283 g.
559 3193 660 3260 libelli
673 3192 795 3281 prioris,
811 3216 876 3258 non
888 3192 1064 3259 Gentianus
1084 3193 1134 3273 L.,
1149 3207 1186 3259 ut
1200 3194 1404 3282 descripserat
1418 3195 1655 3284 Peysonnelius,
1677 3220 1773 3283 aque
1786 3211 1815 3262 et

462 3444 474 3478 ⁸¹
491 3445 551 3492 Vide
562 3443 639 3493 Strab.
655 3443 696 3491 ubi
713 3457 774 3502 supr.
813 3442 889 3490 Pbotii
900 3442 993 3490 Narrat.
1009 3455 1100 3490 xxxm.
1150 3441 1281 3500 Eekhelins,
1294 3455 1333 3490 ιιι.
1349 3457 1370 3502 p.
1382 3444 1437 3491 217.
1449 3457 1470 3489 a

431 3531 549 3588 Varronis,
562 3529 648 3577 Ber-rim
666 3527 753 3586 Divin,
765 3529 805 3589 qui
820 3533 851 3586 et,
868 3541 910 3574 suo
929 3541 998 3586 more,
1011 3533 1100 3588 etymo-
1182 3533 1195 3568 ι
1210 3527 1270 3574 Vide
1281 3515 1458 3589 Suetoncalig.
1468 3542 1519 3576 xxa
1537 3529 1666 3577 Dionarm
1680 3533 1719 3579 28.
1732 3531 1814 3578 nm-

430 3618 517 3679 logiam
528 3609 674 3680 (βρόγχον)
686 3617 773 3660 tentat:
792 3611 861 3661 snut
872 3612 982 3661 Thebaid.
992 3625 1030 3660 ιιι.
1044 3615 1099 3660 478.
1150 3617 1189 3659 tur
1206 3625 1220 3658 a
1238 3611 1363 3660 Summam
1379 3611 1454 3676 (ilisa
1467 3613 1528 3660 met
1543 3627 1560 3660 ι.
1580 3617 1602 3663 7.
1622 3629 1643 3661 ι,
1658 3613 1695 3678 b.)
1710 3617 1813 3676 snpmsd·

430 3713 487 3749 vni.
502 3699 556 3746 1118.
569 3701 592 3744 et
602 3696 628 3742 in
637 3694 693 3742 loce
705 3694 859 3740 mama
1149 3697 1183 3743 tie
1205 3696 1267 3756 apud
1282 3695 1384 3742 mirsion
1402 3696 1457 3756 imp.
1471 3696 1559 3756 licinii,
1572 3701 1596 3744 et
1612 3709 1683 3757 qnam
1701 3697 1815 3746 iuieiidmr

463 3793 474 3818 ⁸
490 3785 551 3832 Vide
568 3782 681 3838 Curtium,
693 3794 741 3828 vu.
762 3781 784 3828 b.
799 3783 837 3827 28.
872 3779 988 3838 Plutamb,
1002 3779 1038 3826 De
1052 3793 1103 3826 sam
1150 3781 1255 3829 aimonii.
1283 3781 1388 3840 Denique
1406 3780 1521 3841 Ulpianus
1536 3787 1635 3830 temtor
1652 3783 1743 3831 licuisse
1758 3784 1814 3844 apud

433 3873 463 3921 N.
481 3871 577 3918 vindict
598 3881 645 3915 xri.
666 3879 746 3914 xxurr.
790 3865 899 3912 Notabile
925 3871 961 3912 eet
977 3864 1102 3912 Arrianum
1153 3867 1268 3914 Romanos
1275 3865 1394 3913 instituere
1401 3866 1642 3928 heredcmApollinarn
1649 3869 1800 3930 Didymeum

431 3956 533 4006 omisisse
543 3953 634 4015 penitus
644 3951 784 3998 mennoran
790 3950 868 4011 oppidi
875 3949 986 4012 Sogdiani
993 3949 1103 3998 abAlax·
1184 3947 1196 3984 l
1212 3951 1272 3998 tede
1281 3949 1356 3999 strab.
1370 3951 1409 3997 obi
1420 3963 1481 4010 sapt.

435 4039 592 4093 mdmdcieti.
1187 4033 1194 4068 ¹
1212 4035 1349 4085 saturnali
1361 4037 1496 4096 liniat.

472 4125 551 4174 ‘Vide
562 4125 661 4172 Panem
673 4135 691 4170 r.
703 4124 740 4170 te.
750 4123 772 4168 8.
784 4121 887 4169 τιιιιῠ.
898 4122 920 4168 2.
948 4120 1102 4192 Dipsionxrx.
1185 4118 1197 4154 ¹
1214 4120 1281 4170 cont
1294 4121 1342 4168 citt
1355 4121 1385 4168 ab
1396 4119 1490 4168 Eclrhel
1499 4131 1528 4170 ιι.
1539 4135 1562 4181 p
1572 4123 1659 4171 tibh.

434 4217 472 4264 ιο.
490 4211 589 4272 Appiam
601 4210 638 4256 De
653 4209 699 4256 reb
719 4207 771 4268 Byr.
788 4219 840 4254 avr.
867 4206 938 4254 ‘lltnl
955 4207 1060 4254 Sberard.
1080 4206 1105 4252 in
1188 4205 1194 4240 ¹
1214 4207 1274 4254 Vide
1288 4210 1346 4252 noa.
1365 4205 1395 4252 ed
1408 4205 1469 4252 titul.
1478 4205 1583 4266 ibyatir.
1601 4219 1624 4252 n
1636 4209 1710 4256 ame.
1722 4209 1745 4258 b.
1762 4223 1784 4254 r.
1795 4211 1816 4256 ι.

432 4296 770 4358 Bfickbmpbtlmdttt.
805 4292 904 4342 Gratmu
921 4291 1105 4340 animumissle-
1154 4291 1267 4340 ubietde
1282 4289 1817 4354 initamaBorgtceonsarsagttruoma

433 4388 519 4436 ciorum
540 4397 596 4446 erga
618 4381 760 4429 Διιιίοαιιιιιιι
783 4392 800 4426 ι.
823 4379 935 4438 mnspleit
954 4375 980 4425 ln
1006 4378 1107 4425 nummh
1156 4377 1235 4424 simus.
