3992 5240
170 589 276 634 ικςοα.
289 567 523 668 cnv111.‚onrx.]
800 565 928 632 Tuos,
1501 569 1561 633 139

246 756 393 832 Titulus
423 779 472 830 ex
498 753 699 828 honorariis
729 778 751 828 a
781 753 917 830 Senatu
940 767 977 828 et
1006 754 1147 852 Populo
1166 754 1339 828 Teiorum
1368 753 1559 852 profectus.

168 877 358 950 Memoriae
391 875 502 950 tradit
535 873 705 948 feminam
739 874 917 972 insignem
949 875 1192 974 Tryphaenam
1227 901 1307 972 quae
1335 875 1561 949 Asiarchiam

167 995 378 1093 Bacchique
408 994 649 1069 sacerdotium
676 1010 845 1094 gesserat,
863 1009 901 1069 et
927 997 1121 1094 inscriptus
1151 996 1269 1070 fuerat
1285 998 1323 1071 in
1340 998 1418 1071 basi
1436 1009 1562 1071 statuae

167 1121 273 1216 cujus
300 1117 479 1216 ponendae
506 1119 678 1218 permissa
705 1129 760 1191 est
786 1116 936 1192 facultas
954 1118 1128 1191 Pisonino
1150 1142 1234 1192 cum
1263 1117 1421 1214 quodam
1449 1117 1561 1190 altero

166 1241 272 1336 cujus
290 1263 423 1312 nornen
439 1237 500 1312 vel
517 1239 664 1313 omnino
681 1237 741 1312 vel
753 1263 941 1336 magnaex
951 1255 1053 1335 parte
1065 1237 1220 1312 evanuit.
1274 1239 1378 1324 Dein,
1395 1263 1463 1336 pro
1479 1264 1561 1312 con·

166 1361 357 1448 sularibus,
377 1385 423 1434 an
451 1385 517 1459 pro
544 1360 627 1434 filiis
652 1359 868 1460 Tryphaenae
884 1361 997 1457 ipsius
1015 1373 1269 1453 memorantur,
1288 1360 1368 1457 quis
1385 1359 1560 1456 expedire

166 1481 325 1578 possiam?

243 1598 448 1672 Ediderunt
474 1597 572 1671 huno
598 1597 745 1670 titulum
770 1598 988 1672 Poeookius¹¹
1019 1611 1056 1672 et
1087 1597 1344 1684 Chandlerus⁰,
1375 1598 1495 1673 denuo
1523 1611 1559 1673 et

166 1717 322 1794 Bocklr⁹
340 1743 390 1792 ex
417 1717 559 1792 schedis
586 1716 851 1791 Beaufortianis
881 1721 921 1792 in
948 1719 1080 1816 quibus
1098 1743 1257 1792 errorem
1275 1717 1320 1791 de
1345 1718 1427 1792 loeo
1445 1733 1557 1794 notes.

166 1838 361 1912 Tribuitur
384 1837 572 1937 inscriptio
596 1838 676 1912 vico
704 1864 812 1938 supra
838 1840 937 1914 dicto
953 1839 1124 1940 Sitacly'ek
1142 1841 1281 1940 (script.
1300 1840 1339 1912 in
1356 1840 1474 1913 lemm.
1494 1841 1557 1916 Ba.

163 1955 331 2056 Sipoailc)
349 1957 584 2052 quodminus
602 1970 767 2032 accurate
778 1958 925 2032 dictum.
961 1961 1068 2034 Jacet
1079 1983 1237 2033 marmor
1252 1961 1349 2032 inter
1366 1961 1557 2057 parietinas

165 2075 294 2174 templi
310 2077 519 2176 Dionysiaci
536 2077 634 2176 apud
649 2077 821 2153 Baldreta.

241 2195 393 2271 Contuli
409 2219 493 2268 cum
520 2196 609 2270 meis
627 2195 807 2294 editisque
830 2198 1036 2297 apographa
1053 2198 1099 2272 ad
1116 2224 1174 2273 me
1197 2200 1305 2273 missa
1327 2224 1349 2272 a
1370 2201 1452 2272 DD.
1470 2199 1558 2270 Bor-

164 2315 272 2390 rellio
298 2328 335 2390 et
361 2315 567 2391 Rothwello
597 2315 694 2414 apud
724 2317 960 2416 Smyrnenses
993 2319 1230 2394 commoratis.
1301 2320 1393 2394 Haec
1426 2319 1557 2392 nostris

165 2437 282 2512 ferme
299 2437 540 2526 consentiunt,
567 2439 766 2535 praesertim
783 2438 822 2512 in
839 2466 871 2512 v.
892 2443 923 2514 9.
943 2440 1001 2514 fin.
1019 2443 1084 2516 ubi
1107 2445 1260 2542 vestigia
1276 2444 1391 2518 literae
1406 2451 1445 2518 Ω
1460 2444 1559 2517 Ιαοα-

167 2557 288 2631 lenter
305 2568 459 2642 exstant,
476 2554 516 2629 id
532 2555 633 2651 quod
648 2557 793 2630 missam
806 2555 924 2630 facere
935 2557 1081 2631 videtur
1090 2561 1388 2656 conjectationem
1402 2560 1558 2636 Bockhii

164 2678 212 2752 de
230 2677 375 2750 nomine
395 2675 603 2774 Calpurnio.
656 2679 700 2750 Iu
718 2689 800 2750 cett.
818 2677 954 2750 habent
971 2679 1012 2750 B.
1026 2679 1068 2751 R.
1085 2678 1124 2751 in
1141 2705 1174 2752 v.
1194 2683 1226 2752 2.
1243 2688 1391 2755 ΕΤΕΙΝ.
1448 2683 1492 2754 In
1522 2685 1555 2754 3.

165 2802 499 2884 ΚΛΤΓΥΦΑΙΝΛΝ,
518 2809 556 2870 et
574 2803 665 2871 ΚΑΤ
677 2807 745 2870 etc.
798 2797 893 2868 1114.
911 2794 971 2868 fin.
993 2801 1060 2869 ΙΕΓ
1063 2803 1101 2869 Ε.
1157 2798 1202 2870 In
1219 2799 1354 2894 penult.
1373 2800 1414 2872 R.
1428 2806 1556 2873 ΑΝΔΓ

163 2935 230 2994 etc.
250 2933 288 2994 et
304 2919 343 2992 in
359 2917 419 2991 fin.
438 2918 479 2990 Β.
499 2921 642 2992 κΑΔΟ.
698 2917 842 2990 Nomen
858 2928 964 3013 putes
981 2914 1090 2990 fuisse
1111 2916 1305 2992 Calvinum.

780 3115 915 3191 CLIX.
942 3115 965 3190 f.

164 3335 790 3352 ··············
822 3291 1085 3374 ἀνανεώσαντα
1104 3288 1147 3374 τὸ
1170 3296 1375 3387 βαλανεῖον
1394 3293 1550 3398 διαφθα-

159 3424 240 3530 ρέν,
260 3417 596 3504 κατασκευάσαντα
627 3419 667 3501 δὲ
699 3425 739 3504 ἐκ
769 3419 889 3504 τόκων
907 3422 976 3524 τήν
990 3459 1030 3505 τε
1051 3423 1171 3506 στοὰν
1189 3428 1255 3524 τῆς
1273 3425 1473 3527 γερουσίας
1492 3425 1554 3504 καὶ

161 3553 211 3637 τὰ
228 3559 489 3660 προβαλανεῖα
507 3550 630 3633 πάντα
649 3549 723 3635 σὺν
741 3558 793 3664 τῷ
812 3563 995 3660 λουτρῶνι
1014 3557 1075 3637 καὶ
1093 3562 1170 3640 τοῖς
1188 3561 1336 3640 λοιποῖς
1354 3589 1551 3659 προσκοσ-

159 3687 311 3790 μήμασι
340 3693 460 3768 πᾶσιν
488 3688 529 3767 ἐκ
559 3691 632 3767 τῶν
663 3683 735 3768 ὑπὸ
760 3694 827 3768 τοῦ
857 3683 999 3791 πατρὸς
1025 3684 1347 3794 καταλειφθέντων
1377 3681 1553 3791 τῄπόλει

159 3817 377 3928 χρημάτων,
389 3815 665 3924 ἀναδεξάμενον
679 3824 757 3903 τοῖς
771 3815 1076 3923 ἀναγκαιοτάτοις
1094 3823 1234 3922 καιροῖς
1250 3817 1423 3900 σιτωνίας
1435 3827 1549 3896 πλεο·

161 3951 265 4038 νάκις
278 3951 340 4033 ὅτε
350 3947 477 4052 μηδείς
489 3951 549 4029 καὶ
562 3947 788 4057 φυλάξαντα
801 3944 869 4049 τὴν
884 3949 1067 4050 εὐθηνίαν,
1078 3946 1464 4052 τροσκαθιερῶσαντα
1475 3953 1552 4033 τοῖς

200 4158 223 4189 ¹²
232 4147 359 4226 Supplet
382 4143 493 4204 Backn
521 4144 577 4202 viz»
603 4144 716 4222 (potius
741 4144 834 4202 fuerit
924 4152 939 4181 ¹²
954 4145 1044 4202 Inscr.
1055 4161 1075 4201 1.
1090 4163 1118 4221 p.
1129 4147 1175 4204 38.
1189 4162 1218 4200 n.
1233 4145 1258 4201 l.

160 4253 219 4312 υὲὂι
232 4243 339 4320 alaim
364 4243 555 4312 Chantllerus,
575 4242 654 4321 quod
672 4253 702 4303 et
719 4243 782 4322 ipse
801 4244 833 4301 in
923 4243 1012 4302 οΙοιι.
1026 4242 1150 4318 Antiqq.
1163 4259 1183 4300 1.
1196 4245 1224 4299 4.

159 4345 582 4416 adrandummtnmiv·
924 4343 1018 4402 eva
1031 4359 1062 4402 11.
1075 4361 1104 4420 p.
1118 4340 1230 4402 osta
1241 4343 1327 4406 3092.

828 4443 883 4508 οἳ
