3972 5240
433 575 495 642 232
841 575 1193 644 INSORIPTIONES
1214 577 1407 645 GRAEOAE.
1534 579 1655 664 [mssa.
1667 599 1814 648 ccxxxiv.
1855 583 1859 593 “

435 767 571 841 roricus
598 765 638 838 in
664 765 746 838 loco
763 789 872 862 supra
898 765 1007 839 allato
1024 765 1071 840 de
1087 763 1212 864 lingua
1233 767 1409 864 peculiari
1424 791 1533 864 quam
1551 768 1621 842 sibi
1637 767 1816 842 finxerrmt

435 884 557 960 coloni
574 883 695 962 Graes
723 883 884 981 apprime
910 907 977 981 per
1002 883 1148 958 titulum
1177 899 1341 960 nostrum
1374 887 1588 987 Sillyensem
1611 888 1814 974 illustratur,

436 1006 608 1080 nimirum
633 1001 811 1101 prodiisse
839 1001 1034 1076 dialectum
1063 1002 1176 1076 instar
1204 1003 1405 1104 chlamydis
1437 1005 1577 1080 laciniis
1607 1007 1746 1084 Graecis
1773 1005 1816 1080 ad

435 1139 573 1200 vestem
598 1122 822 1197 honidulam
854 1122 990 1197 adsutis
1019 1135 1211 1198 contexte.
1275 1125 1358 1219 Quo
1391 1139 1498 1224 pacto
1523 1125 1594 1202 hoc
1620 1126 1815 1201 efficiebant

435 1245 520 1320 satis
547 1269 596 1319 ex
622 1257 857 1316 monumento
887 1243 1035 1340 jamjam
1066 1243 1165 1318 edito
1198 1257 1349 1320 constat
1422 1245 1633 1322 Sermonem
1666 1247 1813 1346 patrium

434 1365 581 1439 omnino
599 1363 766 1438 exsulare
791 1363 981 1438 nolebant:
1009 1363 1095 1438 dein
1121 1365 1331 1464 peregrinas
1353 1389 1442 1462 quas
1470 1365 1697 1442 adsciverant
1712 1389 1812 1440 voces

433 1486 480 1560 ad
503 1487 603 1584 leges
629 1483 878 1583 grammatices
905 1483 984 1580 ejus
1013 1483 1364 1581 constructionisque
1389 1507 1559 1559 revocare
1584 1485 1723 1583 jugiter
1750 1497 1814 1557 stu·

433 1605 576 1682 debant.
626 1605 726 1678 Hinc
755 1628 887 1678 censeo
913 1602 1130 1702 profluxisse
1157 1603 1278 1700 qualia
1305 1604 1344 1677 in
1366 1629 1425 1677 vv.
1445 1607 1477 1678 6.
1501 1629 1546 1678 ss.
1570 1605 1812 1703 conspicimus,

432 1753 474 1815 ut
500 1765 549 1814 ex
577 1737 678 1812 bisce
703 1736 742 1810 in
766 1735 892 1836 primis
919 1735 1128 1833 exemplum
1153 1746 1292 1832 petam;
1319 1762 1396 1810 οσα
1419 1763 1479 1810 και
1504 1751 1685 1830 fructecta
1713 1763 1812 1810 ποσα

431 1865 545 1954 Barca
557 1889 610 1961 ριι
622 1865 713 1935 ελα.
729 1913 738 1932 .
755 1887 954 1958 ,ατροποις
972 1885 1266 1956 περτιρενιανται
1286 1885 1496 1954 transvorare
1512 1859 1811 1963 (σιηελλοταιςῖ)

433 2043 441 2061 .
466 2043 474 2060 .
498 2043 508 2062 .
531 2041 541 2064 .
562 2014 580 2060 ε
597 1986 720 2076 Bolas·
738 2012 827 2058 ετυα
847 1985 957 2084 (Ρτυα
966 1982 1001 2080 l)
1017 1979 1161 2080 δριιονα
1179 2010 1369 2062 καταστας
1390 2037 1399 2056 .
1423 2037 1432 2057 .
1455 2037 1464 2056 .
1484 2011 1603 2082 praepa
1622 2013 1684 2059 και
1701 2011 1812 2083 μιιρια

432 2168 441 2184 .
465 2168 474 2186 .
496 2141 550 2188 sn
570 2139 630 2186 και
655 2135 866 2204 σιηενοταις
886 2105 1195 2207 (σιηελλοταιςῖ)
1217 2160 1226 2180 .
1249 2161 1259 2180 .
1282 2162 1291 2180 .
1313 2135 1489 2202 επασμαν
1507 2137 1582 2184 eru.
1601 2110 1740 2211 (erut)
1757 2135 1810 2182 aar

430 2291 634 2314 .......
662 2245 757 2311 ocrea
784 2237 892 2308 πολιι
923 2232 1054 2334 εφιελο
1082 2229 1161 2306 δυ.
1187 2287 1195 2304 .
1220 2287 1228 2304 .
1252 2286 1261 2304 .
1289 2229 1505 2332 stampe
1525 2227 1808 2332 (δικαστῆρεςῗ)

429 2394 463 2440 κ.
477 2393 511 2440 τ.
524 2368 563 2438 λ.
620 2362 823 2438 Difficultas
848 2363 1008 2434 maxima
1028 2385 1077 2434 ex
1098 2359 1168 2435 hoc
1186 2361 1301 2436 oritur
1316 2361 1417 2459 quod
1438 2362 1477 2436 in
1493 2361 1648 2438 dialecto
1674 2363 1810 2438 insolita

427 2484 659 2582 scriptionem
676 2481 884 2558 continuam
901 2481 1123 2578 usurpabant
1139 2477 1345 2556 conditores
1362 2485 1586 2559 monumenti
1602 2484 1694 2560 adeo
1710 2497 1752 2560 ut
1775 2486 1809 2558 iu

428 2605 604 2678 limitibus
621 2627 753 2677 vocum
771 2600 994 2674 diversarum
1013 2599 1244 2699 designandis
1270 2602 1430 2677 incertus
1452 2587 1584 2678 baereo.
1634 2605 1808 2680 Nimirum

428 2723 547 2821 patrio
565 2746 729 2796 sermone
747 2746 831 2796 cum
853 2721 1007 2795 barbaro
1023 2721 1109 2796 hinc
1135 2722 1222 2797 inde
1239 2724 1447 2810 commixto,
1464 2725 1666 2823 litterisque
1680 2727 1810 2804 Grecis

361 2891 368 2903 ·
428 2844 476 2918 ad
503 2869 610 2918 sonos
639 2843 803 2917 rudiores
833 2841 1090 2940 exprimendos
1116 2843 1297 2930 adhibitis,
1319 2845 1559 2942 praetermissa
1581 2846 1753 2921 nolebant
1776 2859 1809 2920 et

427 2967 666 3064 reliquaque
683 2967 721 3040 in
738 2966 980 3041 monumentis
997 2965 1242 3064 insculpendis
1260 2965 1500 3040 observabant
1516 2967 1644 3044 Graeci.
1694 2967 1809 3041 Aliter

427 3087 578 3162 fortasse
606 3113 645 3162 se
672 3112 730 3162 res
757 3087 885 3162 habuit
913 3087 952 3160 in
974 3087 1113 3162 ratione
1141 3087 1322 3163 scribendi
1343 3087 1556 3164 vernacula:
1589 3087 1660 3162 hoc
1690 3088 1808 3163 saltem

430 3209 691 3285 autumandum
712 3235 797 3284 reor
813 3233 861 3284 ex
879 3209 994 3285 titulis
1015 3209 1079 3306 qui
1101 3209 1148 3284 ad
1172 3233 1238 3283 nos
1263 3221 1508 3308 pervenerunt
1524 3209 1720 3309 Lyciorum
1746 3231 1809 3283 ser·

429 3351 536 3402 mone
553 3328 777 3426 conscriptis,
803 3327 843 3400 in
869 3327 1002 3425 quibus
1019 3329 1279 3404 vocabulorum
1309 3329 1556 3406 distinctiones
1583 3329 1690 3428 plane
1716 3331 1807 3405 inno

430 3451 598 3524 tescunt¹¹.

506 3575 747 3648 Transeamus
781 3570 828 3646 ad
862 3571 1011 3670 singula
1073 3573 1120 3645 In
1151 3573 1276 3671 primis
1305 3573 1398 3649 illud
1422 3589 1603 3668 τιμαβεσα
1628 3575 1809 3652 archaismi

431 3697 552 3778 Graeci
570 3697 725 3797 speciem
738 3721 813 3795 prae
826 3718 863 3768 se
877 3691 957 3779 sert,
975 3705 1013 3766 et
1029 3691 1178 3768 fortasse
1188 3695 1342 3794 pretium
1353 3695 1413 3769 vel
1429 3695 1577 3771 tumtum
1595 3696 1810 3796 significabat

429 3823 541 3922 idque
570 3821 770 3896 secundum
797 3820 923 3910 βατια,
946 3815 1046 3914 quod
1074 3831 1234 3893 mentem
1257 3831 1405 3894 revocat
1433 3819 1481 3894 ad
1509 3819 1697 3896 notissima
1721 3821 1808 3895 inter

431 3943 609 4036 Aramaea,
626 3959 701 4033 sup,
719 3957 817 4044 app,
840 3948 878 4011 et
895 3936 1094 4009 Hebraeum
1116 3935 1193 4030 ruf,
1209 3935 1361 4034 Battus,
1386 3964 1434 4014 sc.
1457 3965 1626 4016 mensura
1652 3955 1750 4020 certa
1773 3941 1807 4016 li·

470 4167 486 4198 ⁸
499 4159 618 4236 Ubique
630 4159 707 4217 inter
720 4177 782 4216 mea
795 4177 859 4234 qua
873 4159 1002 4234 congessi
1011 4159 1099 4237 Lycia
1189 4161 1294 4220 ⁰Vide
1314 4162 1412 4222 Lexic.
1434 4161 1577 4222 Chaldaic
1600 4173 1655 4228 etc.
1680 4161 1807 4226 Buxtort

431 4281 461 4321 ae
474 4260 571 4338 prodit
580 4258 775 4316 distinctionis
786 4267 854 4315 nota
870 4275 877 4314 ε
901 4266 937 4314 ut
950 4257 1028 4316 iuter
1035 4257 1097 4316 Fel-
1147 4277 1177 4336 p.
1186 4261 1235 4319 55.

430 4355 581 4429 lowsiana3
601 4375 680 4416 emo.
694 4355 750 4415 vol
760 4373 790 4414 11.
806 4356 863 4414 tab.
874 4353 923 4416 36.
