3952 5238
465 579 527 642 340
1012 573 1301 643 AUOTARIUM.
1585 577 1843 659 [moeno—cu.

465 787 557 849 quem
569 785 670 850 nuper
681 785 723 826 ex
734 759 856 827 schedis
868 757 1073 827 Lebordisnis
1087 760 1188 826 edidit
1203 759 1388 840 anckius,
1401 784 1433 828 ιι.
1448 761 1541 830 3915.
1585 759 1709 827 Videor
1730 784 1843 848 quoque

465 869 544 934 mihi
555 867 753 956 conspexisse
762 867 844 932 inter
854 865 1019 932 simulacre
1032 865 1207 932 litterarum
1219 866 1252 930 in
1264 865 1357 932 titulo
1369 866 1566 954 Thyctineno
1577 890 1619 933 ex
1631 867 1745 932 nostris
1757 888 1841 932 xvnr.

466 975 505 1040 ad
521 997 625 1060 quern,
647 973 756 1039 saltem
781 973 814 1038 in
829 971 979 1040 extremis
1003 997 1022 1037 s
1041 997 1071 1037 v.
1096 972 1156 1050 14.
1177 997 1241 1038 non
1264 971 1346 1038 nihil
1372 973 1494 1040 secedit
1513 973 1671 1062 Myrensis
1686 973 1840 1048 Fellowsii

466 1081 601 1145 ιι.184”.

530 1183 735 1251 Biiclrhicnus
759 1185 830 1250 916.
846 1184 949 1249 editus
974 1197 1022 1250 est
1043 1183 1144 1249 aviro
1168 1182 1261 1248 docto
1284 1207 1327 1249 ex
1350 1182 1430 1249 libro
1446 1183 1692 1262 Murstorisno'‚
1710 1183 1840 1273 auspiciis

467 1313 577 1377 perum
601 1289 687 1364 tutis,
702 1303 735 1354 et
757 1289 791 1353 in
815 1289 1003 1356 lectionibus
1017 1305 1049 1354 et
1063 1312 1210 1354 versuum
1226 1288 1456 1369 distributione,
1472 1289 1558 1376 quod
1582 1291 1659 1378 ipsc,
1679 1289 1785 1378 lupide
1804 1290 1838 1354 in-

467 1412 583 1482 specto,
604 1419 661 1482 pro
684 1411 769 1460 certo
795 1395 947 1460 nffirrnere
967 1418 1102 1483 possum.
1147 1394 1219 1460 Hoc
1234 1396 1357 1474 obiter3
1380 1395 1512 1462 ulterius
1535 1420 1601 1462 rem
1624 1397 1772 1484 prosequi
1791 1419 1838 1462 non

467 1517 513 1567 est
523 1501 622 1588 'hujus
636 1501 707 1566 loci.

1125 1622 1198 1689 ΟΠ.

532 1773 571 1836 ln
593 1771 653 1836 hoc
679 1791 809 1835 recensu
832 1765 995 1831 nominum
1022 1764 1117 1831 obvia
1140 1779 1213 1830 sunt
1236 1765 1379 1851 quaedem
1405 1767 1480 1832 olibi
1508 1781 1679 1834 memorato
1697 1769 1731 1833 in
1754 1766 1834 1833 titulis

466 1883 560 1967 hujus
579 1878 684 1944 urbis:
708 1901 749 1941 se.
762 1875 920 1938 Portuno
934 1871 968 1935 in
984 1891 1070 1936 xcvr.
1093 1869 1317 1937 Androsthenes
1339 1870 1417 1936 ibid.
1432 1885 1465 1938 et
1486 1871 1522 1937 in
1545 1873 1732 1938 Biickhisno
1759 1873 1834 1938 2656.

474 1990 654 2055 Ἠινοᾶοίανη
668 1985 820 2051 habemus
834 1981 869 2046 in
883 2005 913 2046 ιι.
925 1981 1019 2045 2664.
1034 1979 1120 2068 quod
1131 1979 1226 2046 fidem
1241 1980 1317 2047 fecit
1330 1980 1458 2047 lectioni
1480 1980 1514 2045 in
1530 1981 1639 2048 ordine
1653 1985 1683 2048 d.
1706 1981 1833 2046 Parnaco

468 2093 602 2161 occurrit
624 2094 659 2158 in
682 2105 788 2157 nostro
815 2109 930 2156 xcvm.
974 2087 1130 2154 Hierocles
1155 2087 1190 2152 in
1213 2089 1333 2167 eodem,
1356 2099 1389 2154 et
1403 2089 1554 2154 Diodoto
1567 2089 1602 2154 in
1620 2089 1743 2156 Bockh.
1759 2088 1832 2154 2656.

468 2199 599 2288 Neopoei
615 2199 783 2284 Cbormylli
796 2194 915 2262 mentio
930 2205 977 2260 est
990 2193 1025 2258 in
1039 2217 1070 2258 ιι.
1084 2194 1177 2260 2656.

533 2307 612 2388 Quae
627 2306 661 2369 in
676 2302 858 2369 minusculis
872 2313 1071 2390 opponuntur
1086 2299 1189 2366 ordini
1208 2302 1235 2366 6.
1251 2301 1423 2389 respiciunt
1440 2302 1567 2368 fortasse
1582 2302 1623 2368 ed
1635 2302 1726 2368 ludos
1740 2303 1832 2368 Nene-

467 2414 550 2478 sibus
575 2410 694 2476 dicatos
723 2408 808 2496 spud
840 2406 1142 2472 Helicornessemes¹
1171 2404 1211 2470 sd
1239 2404 1403 2492 exemplar
1433 2405 1681 2493 smymaeorumr
1705 2403 1830 2474 celebrari

468 2519 582 2584 solitos.
628 2517 715 2581 Hinc
741 2515 774 2580 in
800 2514 1012 2604 explicatione
1027 2537 1097 2580 mea
1111 2511 1231 2579 tentavi
1247 2521 1315 2592 νίκη
1332 2519 1504 2600 Νεμέσεων.
1550 2515 1747 2602 Conjecerim
1761 2535 1830 2603 porro

467 2625 627 2690 columnas
649 2645 692 2688 ex
717 2621 831 2707 quibus
856 2619 1005 2708 descripsi
1025 2618 1088 2685 titt.
1107 2639 1163 2685 err.
1179 2643 1216 2684 ss.
1243 2618 1411 2705 eliqusndo
1435 2635 1537 2708 partes
1561 2621 1676 2687 aedium
1700 2618 1786 2687 fuisse
1805 2617 1829 2682 in

467 2732 619 2796 honorem
634 2730 816 2796 Nemesium
831 2741 1069 2806 exstructurum,
1085 2741 1118 2793 et
1142 2727 1176 2794 in
1191 2727 1301 2794 ordine
1326 2754 1356 2794 n.
1379 2727 1591 2816 Neopoeorum
1615 2751 1722 2796 esrum
1740 2723 1829 2793 menti·

469 2860 562 2902 onem
576 2835 654 2901 fieri.

534 2942 573 3007 In
596 2941 775 3008 nominibus
798 2939 994 3026 aliquetenus
1019 2939 1131 3006 hsereo.
1177 2939 1257 3020 Qum
1272 2939 1458 3028 apographis
1473 2940 1549 3006 meis
1563 2939 1661 3006 fretus
1682 2939 1751 3006 dedi
1764 2959 1829 3004 con·

468 3049 657 3116 mendantur
672 3073 690 3114 e
704 3047 812 3114 titulis.

1119 3172 1210 3238 0111.

532 3324 656 3388 Nomen
672 3322 777 3387 Draco
792 3321 922 3386 obvium
945 3319 978 3384 in
998 3333 1103 3386 nostro
1119 3340 1205 3386 xcrv.
1222 3320 1253 3385 d.
1298 3321 1467 3385 Amorctus
1482 3317 1676 3405 conspicitur
1696 3315 1827 3398 inSnryr·

405 3461 409 3470 ·
469 3455 537 3495 naeo
553 3429 700 3506 Bbokhii,
715 3428 887 3496 mutatione
902 3429 966 3494 levi
979 3455 987 3507 ;
1002 3428 1130 3494 effertur
1138 3430 1339 3494 Amaranto.
1375 3427 1493 3493 Lucius
1507 3439 1636 3515 apparet
1652 3425 1686 3489 in
1701 3420 1825 3512 proximo,

469 3535 549 3602 etin
564 3533 702 3601 Biickhii
716 3557 747 3597 ιι.
760 3534 853 3600 2665.
898 3533 1032 3597 Moocbio
1048 3531 1081 3596 in
1096 3545 1191 3596 nostr.
1209 3553 1297 3598 xcrx.

1119 3743 1208 3810 CIV.

533 3889 586 3956 Ex
601 3888 697 3968 hisce,
713 3887 896 3975 Dionysium
910 3886 1061 3951 hebemus
1076 3885 1109 3948 in
1121 3899 1215 3950 nostr.
1232 3907 1304 3952 xcv.
1317 3901 1349 3954 et
1361 3887 1483 3953 Biickh.
1499 3913 1530 3954 n.
1542 3891 1639 3954 2660.
1678 3889 1778 3954 carun
1791 3891 1825 3944 66

504 4121 513 4147 ’
530 4115 590 4163 Vide
600 4114 685 4163 Fossic-
695 4111 792 4169 Franzii.
805 4126 826 4171 μ
839 4113 891 4158 157-
901 4123 925 4156 u·
936 4113 1006 4158 4666.
1218 4121 1228 4155 t
1246 4115 1344 4162 Peucen.
1354 4128 1400 4164 vn.
1412 4119 1435 4165 6.
1447 4119 1466 4163 1.
1479 4117 1518 4163 fin.
1535 4115 1602 4166 θεῶν
1617 4107 1825 4181 reuerentior

502 4209 516 4234 ⁸¹
528 4201 826 4260 Tmnuprrooxcvm·
839 4198 861 4244 6.
1186 4198 1337 4263 νομίζουσιν
1349 4197 1410 4248 ἀντὶ
1421 4199 1489 4264 μιᾶς,
1503 4199 1665 4261 mSmyruni.
1690 4191 1824 4246 Prdndehffl»

501 4287 590 4334 ¹vrns
609 4285 697 4334 noun
717 4297 744 4330 ιι.
766 4297 790 4342 p.
809 4283 864 4330 456.
895 4295 917 4328 n.
937 4284 1009 4330 2663.
1033 4288 1056 4328 et
1078 4281 1136 4328 conf.
1186 4284 1268 4342 cultus,
1282 4277 1824 4334 mnbmmmnmncknetrosumsnvuu

470 4379 540 4425 2662.
553 4393 573 4423 o.
1187 4383 1209 4428 p.
1223 4371 1277 4417 548.
1291 4383 1319 4417 κ.
