<?xml version="1.0" encoding="UTF-8"?>
<!DOCTYPE html PUBLIC "-//W3C//DTD XHTML 1.0 Transitional//EN"
    "http://www.w3.org/TR/xhtml1/DTD/xhtml1-transitional.dtd">
<html xmlns="http://www.w3.org/1999/xhtml" xml:lang="en" lang="en">
 <head>
  <title>
</title>
<meta http-equiv="Content-Type" content="text/html;charset=utf-8" />
  <meta name='ocr-system' content='tesseract 3.04.00' />
  <meta name='ocr-capabilities' content='ocr_page ocr_carea ocr_par ocr_line ocrx_word'/>
</head>
<body>
  <div class='ocr_page' id='page_1' title='image "./fasciculusinscr01kenngoog_0083.png"; bbox 0 0 4004 5264; ppageno 0'>
   <div class='ocr_carea' id='block_1_1' title="bbox 454 615 1840 711">
    <p class='ocr_par' dir='ltr' id='par_1_1' title="bbox 454 615 1840 711">
     <span class='ocr_line' id='line_1_1' title="bbox 454 615 1840 711; baseline -0.004 -21"><span class='ocrx_word' id='word_1_1' title='bbox 454 621 494 690; x_wconf 76' lang='lat'>72</span> <span class='ocrx_word' id='word_1_2' title='bbox 869 616 1224 686; x_wconf 84' lang='lat' dir='ltr'>INSCRIPTIONES</span> <span class='ocrx_word' id='word_1_3' title='bbox 1245 615 1439 685; x_wconf 79' lang='lat' dir='ltr'>GRAEOAE.</span> <span class='ocrx_word' id='word_1_4' title='bbox 1549 639 1554 646; x_wconf 89' lang='lat'><em>·</em></span> <span class='ocrx_word' id='word_1_5' title='bbox 1617 621 1737 711; x_wconf 69' lang='lat' dir='ltr'>[reson.</span> <span class='ocrx_word' id='word_1_6' title='bbox 1754 643 1840 688; x_wconf 83' lang='lat' dir='ltr'>xcu.</span> 
     </span>
    </p>
   </div>
   <div class='ocr_carea' id='block_1_2' title="bbox 453 805 1845 1862">
    <p class='ocr_par' dir='ltr' id='par_1_2' title="bbox 453 805 1844 1006">
     <span class='ocr_line' id='line_1_2' title="bbox 453 805 1844 908; baseline -0.004 -21"><span class='ocrx_word' id='word_1_7' title='bbox 453 815 648 888; x_wconf 86' lang='grc' dir='ltr'><strong>ΣΘΕΝΟΥ</strong></span> <span class='ocrx_word' id='word_1_8' title='bbox 674 810 712 882; x_wconf 94' lang='lat' dir='ltr'>in</span> <span class='ocrx_word' id='word_1_9' title='bbox 739 809 771 882; x_wconf 83' lang='lat'>6.</span> <span class='ocrx_word' id='word_1_10' title='bbox 792 811 823 880; x_wconf 78' lang='lat'>7.</span> <span class='ocrx_word' id='word_1_11' title='bbox 888 808 972 881; x_wconf 93' lang='lat' dir='ltr'>Hoc</span> <span class='ocrx_word' id='word_1_12' title='bbox 991 805 1141 881; x_wconf 81' lang='lat' dir='ltr'>fortasse</span> <span class='ocrx_word' id='word_1_13' title='bbox 1168 831 1238 880; x_wconf 90' lang='lat' dir='ltr'>usu</span> <span class='ocrx_word' id='word_1_14' title='bbox 1266 819 1416 882; x_wconf 87' lang='lat' dir='ltr'>venerat</span> <span class='ocrx_word' id='word_1_15' title='bbox 1444 809 1486 882; x_wconf 84' lang='lat' dir='ltr'>ut</span> <span class='ocrx_word' id='word_1_16' title='bbox 1518 807 1558 882; x_wconf 91' lang='lat' dir='ltr'>in</span> <span class='ocrx_word' id='word_1_17' title='bbox 1585 807 1780 908; x_wconf 71' lang='lat' dir='ltr'><strong>Smyrnaeis</strong></span> <span class='ocrx_word' id='word_1_18' title='bbox 1809 822 1844 882; x_wconf 91' lang='lat' dir='ltr'>et</span> 
     </span>
     <span class='ocr_line' id='line_1_3' title="bbox 453 930 647 1006; baseline -0.021 -1"><span class='ocrx_word' id='word_1_19' title='bbox 453 930 647 1006; x_wconf 45' lang='lat' dir='ltr'>Maeoniis!</span> 
     </span>
    </p>

    <p class='ocr_par' dir='ltr' id='par_1_3' title="bbox 453 1051 1845 1521">
     <span class='ocr_line' id='line_1_4' title="bbox 528 1051 1845 1165; baseline 0.006 -28"><span class='ocrx_word' id='word_1_20' title='bbox 528 1063 693 1140; x_wconf 88' lang='lat' dir='ltr'>XCVII.</span> <span class='ocrx_word' id='word_1_21' title='bbox 730 1063 773 1135; x_wconf 94' lang='lat' dir='ltr'>In</span> <span class='ocrx_word' id='word_1_22' title='bbox 799 1051 870 1134; x_wconf 84' lang='lat' dir='ltr'>hoc</span> <span class='ocrx_word' id='word_1_23' title='bbox 900 1061 1008 1134; x_wconf 85' lang='lat' dir='ltr'>titulo</span> <span class='ocrx_word' id='word_1_24' title='bbox 1035 1074 1255 1136; x_wconf 89' lang='lat' dir='ltr'>memoratur</span> <span class='ocrx_word' id='word_1_25' title='bbox 1284 1063 1464 1162; x_wconf 84' lang='lat' dir='ltr'>graduum</span> <span class='ocrx_word' id='word_1_26' title='bbox 1493 1078 1650 1162; x_wconf 89' lang='lat' dir='ltr'>quatuor</span> <span class='ocrx_word' id='word_1_27' title='bbox 1678 1069 1845 1165; x_wconf 86' lang='lat' dir='ltr'>(fortasse</span> 
     </span>
     <span class='ocr_line' id='line_1_5' title="bbox 453 1179 1843 1288; baseline 0.004 -29"><span class='ocrx_word' id='word_1_28' title='bbox 453 1182 700 1278; x_wconf 56' lang='lat' dir='ltr'>diazomctisq)</span> <span class='ocrx_word' id='word_1_29' title='bbox 732 1179 912 1254; x_wconf 86' lang='lat' dir='ltr'>dedicatio</span> <span class='ocrx_word' id='word_1_30' title='bbox 939 1205 1005 1278; x_wconf 89' lang='lat' dir='ltr'>per</span> <span class='ocrx_word' id='word_1_31' title='bbox 1024 1181 1189 1254; x_wconf 87' lang='lat' dir='ltr'>Neonem</span> <span class='ocrx_word' id='word_1_32' title='bbox 1218 1181 1408 1281; x_wconf 90' lang='lat' dir='ltr'>filiumque</span> <span class='ocrx_word' id='word_1_33' title='bbox 1438 1187 1516 1282; x_wconf 90' lang='lat' dir='ltr'>ejus</span> <span class='ocrx_word' id='word_1_34' title='bbox 1539 1188 1843 1288; x_wconf 81' lang='lat' dir='ltr'>Dionysiodorunr</span> 
     </span>
     <span class='ocr_line' id='line_1_6' title="bbox 453 1301 1844 1406; baseline 0.001 -26"><span class='ocrx_word' id='word_1_35' title='bbox 453 1304 649 1390; x_wconf 68' lang='lat' dir='ltr'>Mercurio</span> <span class='ocrx_word' id='word_1_36' title='bbox 678 1301 842 1389; x_wconf 86' lang='lat' dir='ltr'>Herculi,</span> <span class='ocrx_word' id='word_1_37' title='bbox 869 1301 1021 1398; x_wconf 91' lang='lat' dir='ltr'>Populo.</span> <span class='ocrx_word' id='word_1_38' title='bbox 1085 1303 1246 1377; x_wconf 89' lang='lat' dir='ltr'>Marmor</span> <span class='ocrx_word' id='word_1_39' title='bbox 1273 1303 1312 1377; x_wconf 92' lang='lat' dir='ltr'>in</span> <span class='ocrx_word' id='word_1_40' title='bbox 1341 1330 1415 1402; x_wconf 91' lang='lat' dir='ltr'>quo</span> <span class='ocrx_word' id='word_1_41' title='bbox 1441 1306 1643 1406; x_wconf 87' lang='lat' dir='ltr'>insculptus</span> <span class='ocrx_word' id='word_1_42' title='bbox 1672 1323 1727 1384; x_wconf 89' lang='lat' dir='ltr'>est</span> <span class='ocrx_word' id='word_1_43' title='bbox 1753 1312 1844 1386; x_wconf 84' lang='lat' dir='ltr'>inter</span> 
     </span>
     <span class='ocr_line' id='line_1_7' title="bbox 453 1421 1131 1521; baseline -0.012 -21"><span class='ocrx_word' id='word_1_44' title='bbox 453 1425 587 1499; x_wconf 88' lang='lat' dir='ltr'>rudera</span> <span class='ocrx_word' id='word_1_45' title='bbox 603 1421 859 1521; x_wconf 76' lang='lat' dir='ltr'>amphitheatri</span> <span class='ocrx_word' id='word_1_46' title='bbox 875 1421 1131 1518; x_wconf 83' lang='lat' dir='ltr'>reperiebatur.</span> 
     </span>
    </p>

    <p class='ocr_par' dir='ltr' id='par_1_4' title="bbox 453 1537 1843 1862">
     <span class='ocr_line' id='line_1_8' title="bbox 529 1537 1840 1638; baseline -0.001 -19"><span class='ocrx_word' id='word_1_47' title='bbox 529 1545 661 1618; x_wconf 90' lang='lat' dir='ltr'>Habeo</span> <span class='ocrx_word' id='word_1_48' title='bbox 679 1553 716 1616; x_wconf 89' lang='lat' dir='ltr'>et</span> <span class='ocrx_word' id='word_1_49' title='bbox 731 1541 843 1638; x_wconf 91' lang='lat' dir='ltr'>hujus</span> <span class='ocrx_word' id='word_1_50' title='bbox 860 1538 1105 1636; x_wconf 84' lang='lat' dir='ltr'>inscriptionis</span> <span class='ocrx_word' id='word_1_51' title='bbox 1126 1561 1246 1636; x_wconf 87' lang='lat' dir='ltr'>apogr.</span> <span class='ocrx_word' id='word_1_52' title='bbox 1265 1537 1530 1614; x_wconf 86' lang='lat' dir='ltr'>Borrellianum</span> <span class='ocrx_word' id='word_1_53' title='bbox 1555 1567 1604 1616; x_wconf 89' lang='lat' dir='ltr'>ex</span> <span class='ocrx_word' id='word_1_54' title='bbox 1631 1543 1746 1618; x_wconf 88' lang='lat' dir='ltr'>diario</span> <span class='ocrx_word' id='word_1_55' title='bbox 1763 1547 1840 1620; x_wconf 93' lang='lat' dir='ltr'>DD.</span> 
     </span>
     <span class='ocr_line' id='line_1_9' title="bbox 453 1659 1843 1770; baseline -0.001 -31"><span class='ocrx_word' id='word_1_56' title='bbox 453 1664 500 1770; x_wconf 74' lang='lat' dir='ltr'>de</span> <span class='ocrx_word' id='word_1_57' title='bbox 519 1663 727 1741; x_wconf 88' lang='lat' dir='ltr'>Cadalvene</span> <span class='ocrx_word' id='word_1_58' title='bbox 755 1673 793 1735; x_wconf 92' lang='lat' dir='ltr'>et</span> <span class='ocrx_word' id='word_1_59' title='bbox 815 1659 1014 1733; x_wconf 88' lang='lat' dir='ltr'>Breuverie</span> <span class='ocrx_word' id='word_1_60' title='bbox 1037 1669 1260 1732; x_wconf 86' lang='lat' dir='ltr'>contextum.</span> <span class='ocrx_word' id='word_1_61' title='bbox 1312 1659 1447 1735; x_wconf 89' lang='lat' dir='ltr'>Nostro</span> <span class='ocrx_word' id='word_1_62' title='bbox 1477 1665 1666 1751; x_wconf 83' lang='lat' dir='ltr'>consentit,</span> <span class='ocrx_word' id='word_1_63' title='bbox 1684 1667 1843 1764; x_wconf 84' lang='lat' dir='ltr'>exceptis</span> 
     </span>
     <span class='ocr_line' id='line_1_10' title="bbox 456 1780 1027 1862; baseline -0.016 0"><span class='ocrx_word' id='word_1_64' title='bbox 456 1787 628 1862; x_wconf 78' lang='grc' dir='ltr'>ΕΡΜΕἰο</span> <span class='ocrx_word' id='word_1_65' title='bbox 645 1811 678 1859; x_wconf 92' lang='lat' dir='ltr'>v.</span> <span class='ocrx_word' id='word_1_66' title='bbox 698 1787 730 1859; x_wconf 83' lang='lat'>5.</span> <span class='ocrx_word' id='word_1_67' title='bbox 750 1787 887 1858; x_wconf 79' lang='lat' dir='ltr'>etTol</span> <span class='ocrx_word' id='word_1_68' title='bbox 907 1780 1027 1854; x_wconf 83' lang='lat' dir='ltr'>inuit.</span> 
     </span>
    </p>
   </div>
   <div class='ocr_carea' id='block_1_3' title="bbox 453 1917 1842 2144">
    <p class='ocr_par' dir='ltr' id='par_1_5' title="bbox 453 1917 1842 2144">
     <span class='ocr_line' id='line_1_11' title="bbox 527 1917 1842 2017; baseline -0.003 -19"><span class='ocrx_word' id='word_1_69' title='bbox 527 1924 713 2002; x_wconf 88' lang='lat' dir='ltr'>XCVIII.</span> <span class='ocrx_word' id='word_1_70' title='bbox 745 1920 891 1996; x_wconf 89' lang='lat' dir='ltr'>Titulus</span> <span class='ocrx_word' id='word_1_71' title='bbox 917 1919 1068 2017; x_wconf 87' lang='lat' dir='ltr'>integer,</span> <span class='ocrx_word' id='word_1_72' title='bbox 1096 1929 1142 2004; x_wconf 87' lang='lat' dir='ltr'>et,</span> <span class='ocrx_word' id='word_1_73' title='bbox 1170 1917 1308 2016; x_wconf 92' lang='lat' dir='ltr'>opinor,</span> <span class='ocrx_word' id='word_1_74' title='bbox 1339 1944 1387 1993; x_wconf 88' lang='lat' dir='ltr'>ex</span> <span class='ocrx_word' id='word_1_75' title='bbox 1411 1919 1621 1995; x_wconf 87' lang='lat' dir='ltr'>honorariis.</span> <span class='ocrx_word' id='word_1_76' title='bbox 1672 1923 1842 1998; x_wconf 87' lang='lat' dir='ltr'>Pantaleo</span> 
     </span>
     <span class='ocr_line' id='line_1_12' title="bbox 453 2039 1842 2144; baseline -0.005 -21"><span class='ocrx_word' id='word_1_77' title='bbox 453 2047 611 2144; x_wconf 88' lang='lat' dir='ltr'>quidam,</span> <span class='ocrx_word' id='word_1_78' title='bbox 638 2045 703 2144; x_wconf 92' lang='lat' dir='ltr'>qui</span> <span class='ocrx_word' id='word_1_79' title='bbox 728 2055 766 2118; x_wconf 90' lang='lat' dir='ltr'>et</span> <span class='ocrx_word' id='word_1_80' title='bbox 785 2041 945 2116; x_wconf 83' lang='lat' dir='ltr'>Flavius</span> <span class='ocrx_word' id='word_1_81' title='bbox 967 2039 1165 2128; x_wconf 83' lang='lat' dir='ltr'>audiverat,</span> <span class='ocrx_word' id='word_1_82' title='bbox 1182 2041 1399 2130; x_wconf 91' lang='lat' dir='ltr'>nominatur,</span> <span class='ocrx_word' id='word_1_83' title='bbox 1424 2040 1521 2116; x_wconf 92' lang='lat' dir='ltr'>unde</span> <span class='ocrx_word' id='word_1_84' title='bbox 1539 2043 1642 2118; x_wconf 86' lang='lat' dir='ltr'>limes</span> <span class='ocrx_word' id='word_1_85' title='bbox 1667 2046 1763 2119; x_wconf 77' lang='lat' dir='ltr'>artati</span> <span class='ocrx_word' id='word_1_86' title='bbox 1778 2043 1842 2118; x_wconf 84' lang='lat' dir='ltr'>sor·</span> 
     </span>
    </p>
   </div>
   <div class='ocr_carea' id='block_1_4' title="bbox 453 2158 1842 2374">
    <p class='ocr_par' dir='ltr' id='par_1_6' title="bbox 453 2158 1842 2374">
     <span class='ocr_line' id='line_1_13' title="bbox 453 2158 1842 2260; baseline -0.005 -17"><span class='ocrx_word' id='word_1_87' title='bbox 453 2181 546 2242; x_wconf 82' lang='lat' dir='ltr'>tasse</span> <span class='ocrx_word' id='word_1_88' title='bbox 560 2164 781 2252; x_wconf 89' lang='lat' dir='ltr'>statuendus,</span> <span class='ocrx_word' id='word_1_89' title='bbox 798 2175 841 2236; x_wconf 87' lang='lat' dir='ltr'>ut</span> <span class='ocrx_word' id='word_1_90' title='bbox 857 2162 896 2235; x_wconf 95' lang='lat' dir='ltr'>in</span> <span class='ocrx_word' id='word_1_91' title='bbox 912 2159 1089 2258; x_wconf 83' lang='lat' dir='ltr'>pluribus.</span> <span class='ocrx_word' id='word_1_92' title='bbox 1134 2158 1291 2234; x_wconf 83' lang='lat' dir='ltr'>Correxi</span> <span class='ocrx_word' id='word_1_93' title='bbox 1307 2161 1345 2232; x_wconf 91' lang='lat' dir='ltr'>in</span> <span class='ocrx_word' id='word_1_94' title='bbox 1363 2185 1483 2260; x_wconf 85' lang='lat' dir='ltr'>apogr.</span> <span class='ocrx_word' id='word_1_95' title='bbox 1498 2161 1598 2260; x_wconf 90' lang='lat' dir='ltr'>quod</span> <span class='ocrx_word' id='word_1_96' title='bbox 1615 2162 1662 2236; x_wconf 84' lang='lat' dir='ltr'>ad</span> <span class='ocrx_word' id='word_1_97' title='bbox 1679 2189 1737 2238; x_wconf 86' lang='lat' dir='ltr'>me</span> <span class='ocrx_word' id='word_1_98' title='bbox 1750 2164 1842 2238; x_wconf 91' lang='lat' dir='ltr'>misit</span> 
     </span>
     <span class='ocr_line' id='line_1_14' title="bbox 453 2287 1284 2374; baseline -0.011 -11"><span class='ocrx_word' id='word_1_99' title='bbox 453 2287 662 2374; x_wconf 79' lang='lat' dir='ltr'>Borrellius3,</span> <span class='ocrx_word' id='word_1_100' title='bbox 684 2289 956 2371; x_wconf 84' lang='grc' dir='ltr'>ΙΡΟΚΛΕΟΥΣ,</span> <span class='ocrx_word' id='word_1_101' title='bbox 976 2287 1284 2356; x_wconf 85' lang='grc' dir='ltr'>ΗΑΝΤΑΛΕΩΝ.</span> 
     </span>
    </p>
   </div>
   <div class='ocr_carea' id='block_1_5' title="bbox 1051 2551 1245 2628">
    <p class='ocr_par' dir='ltr' id='par_1_7' title="bbox 1051 2551 1245 2628">
     <span class='ocr_line' id='line_1_15' title="bbox 1051 2551 1245 2628; baseline -0.01 -2"><span class='ocrx_word' id='word_1_102' title='bbox 1051 2551 1197 2628; x_wconf 84' lang='lat' dir='ltr'>XCIX.</span> <span class='ocrx_word' id='word_1_103' title='bbox 1224 2553 1245 2624; x_wconf 92' lang='lat' dir='ltr'>i.</span> 
     </span>
    </p>
   </div>
   <div class='ocr_carea' id='block_1_6' title="bbox 557 2719 1738 3806">
    <p class='ocr_par' dir='ltr' id='par_1_8' title="bbox 652 2719 1738 3132">
     <span class='ocr_line' id='line_1_16' title="bbox 652 2719 1552 2816; baseline -0.004 -22"><span class='ocrx_word' id='word_1_104' title='bbox 652 2719 1552 2816; x_wconf 74' lang='grc' dir='ltr'>ΣΑΡΑΡΙΑΣΑΡΟΛΛΩΝΙΟΥΚΑΤΑΘΥΓΑΤΡΟ</span> 
     </span>
     <span class='ocr_line' id='line_1_17' title="bbox 656 2831 1691 2906; baseline -0.003 0"><span class='ocrx_word' id='word_1_105' title='bbox 656 2831 1691 2906; x_wconf 79' lang='grc' dir='ltr'><strong>ΡΟΙΙΑΝΔΕΜΕΝΑΝΔΡΟΥΤΟΥΔΙΟΝΥΣΙΟΔΩΡΟΥ</strong></span> 
     </span>
     <span class='ocr_line' id='line_1_18' title="bbox 654 2944 1363 3019; baseline -0.007 0"><span class='ocrx_word' id='word_1_106' title='bbox 654 2944 1363 3019; x_wconf 81' lang='grc' dir='ltr'>ΚΑΘΥΙΟΘΕΣΙΑΝΔΕΔΡΑΚΟΝΤΟΣ</span> 
     </span>
     <span class='ocr_line' id='line_1_19' title="bbox 653 3058 1738 3132; baseline -0.001 -1"><span class='ocrx_word' id='word_1_107' title='bbox 653 3058 1738 3132; x_wconf 80' lang='grc' dir='ltr'>ΚΑΙΟΙΥΙΟΙΑΥΤΗΣΜΕΝΑΝΔΡΟΣΚΑΙΜΗΝΟΔΩΡΟΣ</span> 
     </span>
    </p>

    <p class='ocr_par' dir='ltr' id='par_1_9' title="bbox 579 3170 1658 3469">
     <span class='ocr_line' id='line_1_20' title="bbox 579 3170 1380 3244; baseline -0.004 -2"><span class='ocrx_word' id='word_1_108' title='bbox 579 3175 600 3242; x_wconf 83' lang='grc'><em>5</em></span> <span class='ocrx_word' id='word_1_109' title='bbox 654 3170 1380 3244; x_wconf 80' lang='grc' dir='ltr'>ΜΗΝΟΔΩΡΟΥΤΟΥΑΝΤΙΡΑΤΡΟΥ</span> 
     </span>
     <span class='ocr_line' id='line_1_21' title="bbox 654 3281 1658 3357; baseline -0.001 0"><span class='ocrx_word' id='word_1_110' title='bbox 654 3281 1658 3357; x_wconf 81' lang='grc' dir='ltr'><strong>ΜΟΣΧΟΝΜΟΣΧΟΥΤΟΥΜΟΣΧΙΩΝΟΣΑΡΕΤΗΣ</strong></span> 
     </span>
     <span class='ocr_line' id='line_1_22' title="bbox 655 3396 1464 3469; baseline -0.002 -1"><span class='ocrx_word' id='word_1_111' title='bbox 655 3396 1464 3469; x_wconf 84' lang='grc' dir='ltr'>ΕΝΕΚΕΝΚΑΙΕΥΝΟΙΑΣΚΑΙΕΥΕΡΓΕΣΙΑΣ</span> 
     </span>
    </p>

    <p class='ocr_par' dir='ltr' id='par_1_10' title="bbox 900 3507 1267 3578">
     <span class='ocr_line' id='line_1_23' title="bbox 900 3507 1267 3578; baseline -0.003 0"><span class='ocrx_word' id='word_1_112' title='bbox 900 3507 1267 3578; x_wconf 84' lang='grc' dir='ltr'>ΤΗΣΕΙΣΑΥΤΟΥΣ</span> 
     </span>
    </p>

    <p class='ocr_par' dir='ltr' id='par_1_11' title="bbox 652 3620 1488 3695">
     <span class='ocr_line' id='line_1_24' title="bbox 652 3620 1488 3695; baseline -0.004 0"><span class='ocrx_word' id='word_1_113' title='bbox 652 3620 1488 3695; x_wconf 77' lang='grc' dir='ltr'><strong>ΑΠΕΜΙΔΩΡΟΣΜΗΝΟΔΩΡΟΠΥΡΙΟΣ</strong></span> 
     </span>
    </p>

    <p class='ocr_par' dir='ltr' id='par_1_12' title="bbox 557 3733 1187 3806">
     <span class='ocr_line' id='line_1_25' title="bbox 557 3733 1187 3806; baseline -0.006 0"><span class='ocrx_word' id='word_1_114' title='bbox 557 3736 602 3806; x_wconf 92' lang='grc'>10</span> <span class='ocrx_word' id='word_1_115' title='bbox 981 3733 1187 3804; x_wconf 81' lang='grc' dir='ltr'><strong>ΕΓΟΙΗΣΕ</strong></span> 
     </span>
    </p>
   </div>
   <div class='ocr_carea' id='block_1_7' title="bbox 456 3913 1837 4026">
    <p class='ocr_par' dir='ltr' id='par_1_13' title="bbox 456 3913 1837 4026">
     <span class='ocr_line' id='line_1_26' title="bbox 456 3913 1837 4026; baseline 0.001 -26"><span class='ocrx_word' id='word_1_116' title='bbox 456 3915 646 4026; x_wconf 78' lang='grc' dir='ltr'>Σαραπιᾶς</span> <span class='ocrx_word' id='word_1_117' title='bbox 675 3915 952 4014; x_wconf 81' lang='grc' dir='ltr'>Ἀπολλωνίου,</span> <span class='ocrx_word' id='word_1_118' title='bbox 986 3913 1080 3996; x_wconf 82' lang='grc' dir='ltr'>κατὰ</span> <span class='ocrx_word' id='word_1_119' title='bbox 1118 3913 1411 4018; x_wconf 83' lang='grc' dir='ltr'>θυγατροποιΐαν</span> <span class='ocrx_word' id='word_1_120' title='bbox 1445 3915 1485 3996; x_wconf 79' lang='grc' dir='ltr'>δὲ</span> <span class='ocrx_word' id='word_1_121' title='bbox 1517 3917 1741 4026; x_wconf 81' lang='grc' dir='ltr'>Μενάνδρου</span> <span class='ocrx_word' id='word_1_122' title='bbox 1778 3929 1837 4004; x_wconf 85' lang='grc' dir='ltr'>τοῦ</span> 
     </span>
    </p>
   </div>
   <div class='ocr_carea' id='block_1_8' title="bbox 455 4043 1837 4156">
    <p class='ocr_par' dir='ltr' id='par_1_14' title="bbox 455 4043 1837 4156">
     <span class='ocr_line' id='line_1_27' title="bbox 455 4043 1837 4156; baseline 0.001 -23"><span class='ocrx_word' id='word_1_123' title='bbox 455 4049 774 4155; x_wconf 75' lang='grc' dir='ltr'>Διονυσιοδώρου,</span> <span class='ocrx_word' id='word_1_124' title='bbox 805 4045 885 4130; x_wconf 77' lang='grc' dir='ltr'>καθ’</span> <span class='ocrx_word' id='word_1_125' title='bbox 918 4049 1109 4131; x_wconf 80' lang='grc' dir='ltr'>υἱοθεσίαν</span> <span class='ocrx_word' id='word_1_126' title='bbox 1142 4043 1182 4125; x_wconf 77' lang='grc' dir='ltr'>δὲ</span> <span class='ocrx_word' id='word_1_127' title='bbox 1214 4043 1444 4149; x_wconf 80' lang='grc' dir='ltr'>Δράκοντος,</span> <span class='ocrx_word' id='word_1_128' title='bbox 1473 4052 1534 4130; x_wconf 81' lang='grc' dir='ltr'>καὶ</span> <span class='ocrx_word' id='word_1_129' title='bbox 1565 4056 1600 4131; x_wconf 84' lang='grc' dir='ltr'>οὶ</span> <span class='ocrx_word' id='word_1_130' title='bbox 1631 4054 1703 4135; x_wconf 78' lang='grc' dir='ltr'>υἱοὶ</span> <span class='ocrx_word' id='word_1_131' title='bbox 1732 4057 1837 4156; x_wconf 75' lang='grc' dir='ltr'>αὐτῆς</span> 
     </span>
    </p>
   </div>
   <div class='ocr_carea' id='block_1_9' title="bbox 455 4295 1835 4462">
    <p class='ocr_par' dir='ltr' id='par_1_15' title="bbox 455 4295 1835 4462">
     <span class='ocr_line' id='line_1_28' title="bbox 496 4295 1835 4454; baseline 0.001 -95"><span class='ocrx_word' id='word_1_132' title='bbox 496 4302 606 4454; x_wconf 55' lang='grc' dir='ltr'>Ρνὲᾶο</span> <span class='ocrx_word' id='word_1_133' title='bbox 623 4300 734 4360; x_wconf 76' lang='lat' dir='ltr'>Btekn</span> <span class='ocrx_word' id='word_1_134' title='bbox 761 4301 818 4359; x_wconf 78' lang='lat' dir='ltr'>vol.</span> <span class='ocrx_word' id='word_1_135' title='bbox 839 4318 871 4360; x_wconf 88' lang='lat'>11.</span> <span class='ocrx_word' id='word_1_136' title='bbox 892 4321 942 4358; x_wconf 91' lang='lat' dir='ltr'>nn.</span> <span class='ocrx_word' id='word_1_137' title='bbox 961 4301 1047 4359; x_wconf 82' lang='lat'>³141.</span> <span class='ocrx_word' id='word_1_138' title='bbox 1074 4303 1120 4359; x_wconf 80' lang='lat'>23.</span> <span class='ocrx_word' id='word_1_139' title='bbox 1212 4295 1569 4373; x_wconf 60' lang='lat' dir='ltr'>auctoratorum,</span> <span class='ocrx_word' id='word_1_140' title='bbox 1588 4303 1835 4381; x_wconf 79' lang='lat' dir='ltr'>etc.Append.A.</span> 
     </span>
     <span class='ocr_line' id='line_1_29' title="bbox 455 4395 1343 4462; baseline -0.001 -9"><span class='ocrx_word' id='word_1_141' title='bbox 455 4397 541 4454; x_wconf 78' lang='grc'><strong>3438.</strong></span> <span class='ocrx_word' id='word_1_142' title='bbox 575 4437 583 4452; x_wconf 85' lang='grc'><strong>.</strong></span> <span class='ocrx_word' id='word_1_143' title='bbox 1174 4395 1343 4462; x_wconf 81' lang='lat' dir='ltr'>n.169.15.</span> 
     </span>
    </p>
   </div>
   <div class='ocr_carea' id='block_1_10' title="bbox 0 0 2008 5264">
    <p class='ocr_par' dir='ltr' id='par_1_16' title="bbox 0 0 2008 5264">
     <span class='ocr_line' id='line_1_30' title="bbox 0 0 2008 5264; baseline 0 0"><span class='ocrx_word' id='word_1_144' title='bbox 0 0 2008 5264; x_wconf 95' lang='lat' dir='ltr'> </span> 
     </span>
    </p>
   </div>
  </div>
 </body>
</html>
