<?xml version="1.0" encoding="UTF-8"?>
<!DOCTYPE html PUBLIC "-//W3C//DTD XHTML 1.0 Transitional//EN"
    "http://www.w3.org/TR/xhtml1/DTD/xhtml1-transitional.dtd">
<html xmlns="http://www.w3.org/1999/xhtml" xml:lang="en" lang="en">
 <head>
  <title>
</title>
<meta http-equiv="Content-Type" content="text/html;charset=utf-8" />
  <meta name='ocr-system' content='tesseract 3.04.00' />
  <meta name='ocr-capabilities' content='ocr_page ocr_carea ocr_par ocr_line ocrx_word'/>
</head>
<body>
  <div class='ocr_page' id='page_1' title='image "./fasciculusinscr01kenngoog_0123.png"; bbox 0 0 3992 5240; ppageno 0'>
   <div class='ocr_carea' id='block_1_1' title="bbox 442 539 1826 630">
    <p class='ocr_par' dir='ltr' id='par_1_1' title="bbox 442 539 1826 630">
     <span class='ocr_line' id='line_1_1' title="bbox 442 539 1826 630; baseline 0.001 -26"><span class='ocrx_word' id='word_1_1' title='bbox 442 543 503 606; x_wconf 79' lang='lat'><strong>112</strong></span> <span class='ocrx_word' id='word_1_2' title='bbox 850 540 898 605; x_wconf 91' lang='lat' dir='ltr'><strong>IN</strong></span> <span class='ocrx_word' id='word_1_3' title='bbox 901 539 1200 608; x_wconf 86' lang='lat' dir='ltr'>SCRIPTIONES</span> <span class='ocrx_word' id='word_1_4' title='bbox 1222 540 1414 607; x_wconf 82' lang='lat' dir='ltr'>GRAEOAE.</span> <span class='ocrx_word' id='word_1_5' title='bbox 1434 539 1826 630; x_wconf 78' lang='lat' dir='ltr'><strong>[ruscu.cxxxr.,cxxxv1.</strong></span> 
     </span>
    </p>
   </div>
   <div class='ocr_carea' id='block_1_2' title="bbox 442 728 1828 936">
    <p class='ocr_par' dir='ltr' id='par_1_2' title="bbox 442 728 1828 936">
     <span class='ocr_line' id='line_1_2' title="bbox 442 728 1828 826; baseline 0.003 -26"><span class='ocrx_word' id='word_1_6' title='bbox 442 729 579 826; x_wconf 83' lang='lat' dir='ltr'>grapho</span> <span class='ocrx_word' id='word_1_7' title='bbox 616 728 857 804; x_wconf 86' lang='lat' dir='ltr'><strong>Sherardiano</strong></span> <span class='ocrx_word' id='word_1_8' title='bbox 891 729 1098 804; x_wconf 75' lang='lat' dir='ltr'><strong>B&#39;ockhius‘.</strong></span> <span class='ocrx_word' id='word_1_9' title='bbox 1173 729 1280 805; x_wconf 89' lang='lat' dir='ltr'><strong>Solus</strong></span> <span class='ocrx_word' id='word_1_10' title='bbox 1313 729 1542 804; x_wconf 82' lang='lat' dir='ltr'><strong>Ammdellus</strong></span> <span class='ocrx_word' id='word_1_11' title='bbox 1575 754 1703 804; x_wconf 89' lang='lat' dir='ltr'><strong>versus</strong></span> <span class='ocrx_word' id='word_1_12' title='bbox 1737 740 1828 804; x_wconf 88' lang='lat' dir='ltr'><strong>recte</strong></span> 
     </span>
     <span class='ocr_line' id='line_1_3' title="bbox 443 849 1579 936; baseline 0.003 -14"><span class='ocrx_word' id='word_1_13' title='bbox 443 850 644 936; x_wconf 87' lang='lat' dir='ltr'><strong>ordinavit;</strong></span> <span class='ocrx_word' id='word_1_14' title='bbox 673 849 817 924; x_wconf 83' lang='lat' dir='ltr'><strong>admisit</strong></span> <span class='ocrx_word' id='word_1_15' title='bbox 833 875 921 924; x_wconf 88' lang='lat' dir='ltr'><strong>vero</strong></span> <span class='ocrx_word' id='word_1_16' title='bbox 938 874 1097 924; x_wconf 89' lang='lat' dir='ltr'><strong>errorem</strong></span> <span class='ocrx_word' id='word_1_17' title='bbox 1115 849 1152 922; x_wconf 92' lang='lat' dir='ltr'><strong>in</strong></span> <span class='ocrx_word' id='word_1_18' title='bbox 1170 876 1202 923; x_wconf 87' lang='lat' dir='ltr'><strong>v.</strong></span> <span class='ocrx_word' id='word_1_19' title='bbox 1218 853 1250 924; x_wconf 84' lang='lat'><strong>5.</strong></span> <span class='ocrx_word' id='word_1_20' title='bbox 1267 856 1579 926; x_wconf 87' lang='grc' dir='ltr'>ΔΗΩΛΥΜΠΙΩ.</span> 
     </span>
    </p>
   </div>
   <div class='ocr_carea' id='block_1_3' title="bbox 444 943 1966 1184">
    <p class='ocr_par' dir='ltr' id='par_1_3' title="bbox 444 943 1966 1184">
     <span class='ocr_line' id='line_1_4' title="bbox 520 943 1966 1070; baseline -0.003 -26"><span class='ocrx_word' id='word_1_21' title='bbox 520 969 725 1045; x_wconf 88' lang='lat' dir='ltr'>CXXXV.</span> <span class='ocrx_word' id='word_1_22' title='bbox 754 971 899 1045; x_wconf 81' lang='lat' dir='ltr'>Titulus</span> <span class='ocrx_word' id='word_1_23' title='bbox 916 983 1173 1046; x_wconf 82' lang='lat' dir='ltr'><strong>commemorat</strong></span> <span class='ocrx_word' id='word_1_24' title='bbox 1188 971 1363 1046; x_wconf 89' lang='lat' dir='ltr'><strong>honorem</strong></span> <span class='ocrx_word' id='word_1_25' title='bbox 1378 971 1548 1069; x_wconf 91' lang='lat' dir='ltr'><strong>apopulo</strong></span> <span class='ocrx_word' id='word_1_26' title='bbox 1561 983 1598 1044; x_wconf 89' lang='lat' dir='ltr'><strong>et</strong></span> <span class='ocrx_word' id='word_1_27' title='bbox 1617 970 1830 1070; x_wconf 86' lang='lat' dir='ltr'><strong>synephebis</strong></span> <span class='ocrx_word' id='word_1_28' title='bbox 1965 943 1966 1022; x_wconf 75' lang='lat' dir='ltr'><strong>l</strong></span> 
     </span>
     <span class='ocr_line' id='line_1_5' title="bbox 444 1083 1966 1184; baseline -0.001 -28"><span class='ocrx_word' id='word_1_29' title='bbox 444 1083 587 1157; x_wconf 89' lang='lat' dir='ltr'><strong>cuidam</strong></span> <span class='ocrx_word' id='word_1_30' title='bbox 607 1085 744 1157; x_wconf 83' lang='lat' dir='ltr'><strong>Neonae</strong></span> <span class='ocrx_word' id='word_1_31' title='bbox 762 1084 926 1184; x_wconf 78' lang='lat' dir='ltr'><strong>(Neonil</strong></span> <span class='ocrx_word' id='word_1_32' title='bbox 944 1087 1080 1159; x_wconf 65' lang='lat' dir='ltr'><strong>Maroni</strong></span> <span class='ocrx_word' id='word_1_33' title='bbox 1090 1085 1125 1180; x_wconf 84' lang='lat' dir='ltr'><strong>l)</strong></span> <span class='ocrx_word' id='word_1_34' title='bbox 1143 1083 1337 1159; x_wconf 91' lang='lat' dir='ltr'><strong>redditum.</strong></span> <span class='ocrx_word' id='word_1_35' title='bbox 1390 1085 1577 1182; x_wconf 90' lang='lat' dir='ltr'><strong>Descripsi</strong></span> <span class='ocrx_word' id='word_1_36' title='bbox 1594 1083 1640 1158; x_wconf 90' lang='lat' dir='ltr'><strong>de</strong></span> <span class='ocrx_word' id='word_1_37' title='bbox 1658 1109 1831 1158; x_wconf 88' lang='lat' dir='ltr'><strong>marmore</strong></span> <span class='ocrx_word' id='word_1_38' title='bbox 1965 1103 1966 1154; x_wconf 67' lang='grc' dir='ltr'>ι</span> 
     </span>
    </p>
   </div>
   <div class='ocr_carea' id='block_1_4' title="bbox 442 1203 1966 1780">
    <p class='ocr_par' dir='ltr' id='par_1_4' title="bbox 442 1203 1966 1780">
     <span class='ocr_line' id='line_1_6' title="bbox 444 1203 1831 1304; baseline 0.001 -28"><span class='ocrx_word' id='word_1_39' title='bbox 444 1203 544 1300; x_wconf 91' lang='lat' dir='ltr'><strong>quod</strong></span> <span class='ocrx_word' id='word_1_40' title='bbox 573 1205 611 1277; x_wconf 90' lang='lat' dir='ltr'><strong>in</strong></span> <span class='ocrx_word' id='word_1_41' title='bbox 638 1229 781 1278; x_wconf 90' lang='lat' dir='ltr'><strong>murum</strong></span> <span class='ocrx_word' id='word_1_42' title='bbox 809 1205 901 1279; x_wconf 90' lang='lat' dir='ltr'><strong>arcis</strong></span> <span class='ocrx_word' id='word_1_43' title='bbox 928 1207 1243 1304; x_wconf 80' lang='lat' dir='ltr'><strong>Metropolitanum</strong></span> <span class='ocrx_word' id='word_1_44' title='bbox 1271 1206 1390 1280; x_wconf 86' lang='lat' dir='ltr'><strong>suerat</strong></span> <span class='ocrx_word' id='word_1_45' title='bbox 1418 1207 1568 1280; x_wconf 90' lang='lat' dir='ltr'><strong>illatum.</strong></span> <span class='ocrx_word' id='word_1_46' title='bbox 1621 1208 1666 1278; x_wconf 93' lang='lat' dir='ltr'><strong>ln</strong></span> <span class='ocrx_word' id='word_1_47' title='bbox 1691 1207 1831 1278; x_wconf 90' lang='lat' dir='ltr'><strong>nomine</strong></span> 
     </span>
     <span class='ocr_line' id='line_1_7' title="bbox 443 1311 1966 1425; baseline 0 -27"><span class='ocrx_word' id='word_1_48' title='bbox 443 1325 572 1399; x_wconf 76' lang='lat' dir='ltr'><strong>haereo</strong></span> <span class='ocrx_word' id='word_1_49' title='bbox 609 1327 654 1398; x_wconf 93' lang='lat' dir='ltr'><strong>In</strong></span> <span class='ocrx_word' id='word_1_50' title='bbox 671 1349 792 1424; x_wconf 81' lang='lat' dir='ltr'><strong>apogr.</strong></span> <span class='ocrx_word' id='word_1_51' title='bbox 810 1325 982 1402; x_wconf 82' lang='lat' dir='ltr'><strong>Sherardi</strong></span> <span class='ocrx_word' id='word_1_52' title='bbox 997 1325 1112 1425; x_wconf 90' lang='lat' dir='ltr'><strong>(unde</strong></span> <span class='ocrx_word' id='word_1_53' title='bbox 1131 1351 1196 1398; x_wconf 91' lang='lat' dir='ltr'><strong>sua</strong></span> <span class='ocrx_word' id='word_1_54' title='bbox 1213 1324 1335 1398; x_wconf 81' lang='lat' dir='ltr'><strong>hausit</strong></span> <span class='ocrx_word' id='word_1_55' title='bbox 1348 1321 1530 1420; x_wconf 69' lang='lat' dir='ltr'><strong>Bockhf),</strong></span> <span class='ocrx_word' id='word_1_56' title='bbox 1544 1325 1604 1398; x_wconf 92' lang='lat' dir='ltr'><strong>cui</strong></span> <span class='ocrx_word' id='word_1_57' title='bbox 1621 1326 1833 1420; x_wconf 83' lang='lat' dir='ltr'><strong>obsequium</strong></span> <span class='ocrx_word' id='word_1_58' title='bbox 1965 1311 1966 1346; x_wconf 71' lang='lat'>³</span> 
     </span>
     <span class='ocr_line' id='line_1_8' title="bbox 444 1445 1831 1532; baseline 0.003 -15"><span class='ocrx_word' id='word_1_59' title='bbox 444 1445 579 1518; x_wconf 90' lang='lat' dir='ltr'><strong>debent</strong></span> <span class='ocrx_word' id='word_1_60' title='bbox 606 1445 702 1519; x_wconf 89' lang='lat' dir='ltr'><strong>oculi</strong></span> <span class='ocrx_word' id='word_1_61' title='bbox 729 1445 982 1532; x_wconf 89' lang='lat' dir='ltr'><strong>recentiorum,</strong></span> <span class='ocrx_word' id='word_1_62' title='bbox 999 1457 1120 1520; x_wconf 82' lang='lat' dir='ltr'><strong>exstat</strong></span> <span class='ocrx_word' id='word_1_63' title='bbox 1147 1451 1361 1520; x_wconf 82' lang='grc' dir='ltr'>ΝΕΩΝΑΝ.</span> <span class='ocrx_word' id='word_1_64' title='bbox 1419 1445 1580 1521; x_wconf 87' lang='lat' dir='ltr'><strong>Videtur</strong></span> <span class='ocrx_word' id='word_1_65' title='bbox 1592 1445 1831 1521; x_wconf 85' lang='lat' dir='ltr'><strong>Anmdellus‘</strong></span> 
     </span>
     <span class='ocr_line' id='line_1_9' title="bbox 442 1565 1966 1663; baseline 0.002 -26"><span class='ocrx_word' id='word_1_66' title='bbox 442 1565 642 1661; x_wconf 87' lang='lat' dir='ltr'><strong>praetulisse</strong></span> <span class='ocrx_word' id='word_1_67' title='bbox 662 1573 874 1641; x_wconf 87' lang='grc' dir='ltr'>ΜΕΩΝΑΝ.</span> <span class='ocrx_word' id='word_1_68' title='bbox 928 1566 1113 1663; x_wconf 90' lang='lat' dir='ltr'><strong>Descripsi</strong></span> <span class='ocrx_word' id='word_1_69' title='bbox 1142 1565 1220 1663; x_wconf 89' lang='lat' dir='ltr'><strong>ipse</strong></span> <span class='ocrx_word' id='word_1_70' title='bbox 1250 1572 1427 1658; x_wconf 84' lang='grc' dir='ltr'>ΜΕΩΝΑ,</span> <span class='ocrx_word' id='word_1_71' title='bbox 1448 1565 1519 1640; x_wconf 91' lang='lat' dir='ltr'><strong>hoc</strong></span> <span class='ocrx_word' id='word_1_72' title='bbox 1545 1580 1609 1658; x_wconf 90' lang='lat' dir='ltr'><strong>est,</strong></span> <span class='ocrx_word' id='word_1_73' title='bbox 1640 1575 1831 1660; x_wconf 84' lang='grc' dir='ltr'>ΜΑΙΩΝΑ,</span> <span class='ocrx_word' id='word_1_74' title='bbox 1965 1601 1966 1614; x_wconf 48' lang='lat'>¹</span> 
     </span>
     <span class='ocr_line' id='line_1_10' title="bbox 443 1683 1351 1780; baseline 0.001 -23"><span class='ocrx_word' id='word_1_75' title='bbox 443 1683 542 1780; x_wconf 90' lang='lat' dir='ltr'><strong>quod</strong></span> <span class='ocrx_word' id='word_1_76' title='bbox 559 1685 598 1757; x_wconf 92' lang='lat' dir='ltr'><strong>in</strong></span> <span class='ocrx_word' id='word_1_77' title='bbox 614 1685 722 1758; x_wconf 88' lang='lat' dir='ltr'><strong>titulo</strong></span> <span class='ocrx_word' id='word_1_78' title='bbox 738 1684 951 1780; x_wconf 79' lang='lat' dir='ltr'><strong>insequente</strong></span> <span class='ocrx_word' id='word_1_79' title='bbox 969 1683 1180 1758; x_wconf 83' lang='lat' dir='ltr'><strong>delitescere</strong></span> <span class='ocrx_word' id='word_1_80' title='bbox 1198 1685 1351 1759; x_wconf 89' lang='lat' dir='ltr'><strong>videtur.</strong></span> 
     </span>
    </p>
   </div>
   <div class='ocr_carea' id='block_1_5' title="bbox 1001 1916 1282 1992">
    <p class='ocr_par' dir='ltr' id='par_1_5' title="bbox 1001 1916 1282 1992">
     <span class='ocr_line' id='line_1_11' title="bbox 1001 1916 1282 1992; baseline -0.007 0"><span class='ocrx_word' id='word_1_81' title='bbox 1001 1916 1227 1992; x_wconf 87' lang='lat' dir='ltr'>CXXXVI.</span> <span class='ocrx_word' id='word_1_82' title='bbox 1253 1944 1282 1991; x_wconf 91' lang='lat' dir='ltr'><strong>c.</strong></span> 
     </span>
    </p>
   </div>
   <div class='ocr_carea' id='block_1_6' title="bbox 356 2089 1966 2418">
    <p class='ocr_par' dir='ltr' id='par_1_6' title="bbox 356 2025 1966 2418">
     <span class='ocr_line' id='line_1_12' title="bbox 359 2089 1897 2168; baseline -0.012 -1"><span class='ocrx_word' id='word_1_83' title='bbox 359 2089 1897 2168; x_wconf 81' lang='grc' dir='ltr'>ΜΗΤΡΟΙῚΟΛΙΤΗΝΕΚΤΩΝΙΔΙΩΝΕΝΤΗΑΓΟΡΑΤΕΙΜΗΝΚΑΤΕΣΚΕΥΑΚΟΤΑ</span> 
     </span>
     <span class='ocr_line' id='line_1_13' title="bbox 359 2202 1899 2280; baseline -0.009 0"><span class='ocrx_word' id='word_1_84' title='bbox 359 2202 1231 2280; x_wconf 73' lang='grc' dir='ltr'>ΜΑΙΩΝΑΔΗΝΗΤΡΙΟΥΕΥΕΡΓΕΤΗΝΟΝΤΑ</span> <span class='ocrx_word' id='word_1_85' title='bbox 1269 2254 1899 2272; x_wconf 92' lang='grc'>.............</span> 
     </span>
     <span class='ocr_line' id='line_1_14' title="bbox 356 2314 1966 2418; baseline -0.008 -26"><span class='ocrx_word' id='word_1_86' title='bbox 356 2314 1033 2392; x_wconf 82' lang='grc' dir='ltr'>ΧΟΝΤΑΤΑΙΣΥΙἹΟΣΧΕΣΕΣΙΝΚΑΙ</span> <span class='ocrx_word' id='word_1_87' title='bbox 1057 2366 1898 2386; x_wconf 89' lang='grc'>.................</span> <span class='ocrx_word' id='word_1_88' title='bbox 1965 2397 1966 2418; x_wconf 19' lang='grc' dir='ltr'>ἶ</span> 
     </span>
    </p>
   </div>
   <div class='ocr_carea' id='block_1_7' title="bbox 442 2467 1966 2604">
    <p class='ocr_par' dir='ltr' id='par_1_7' title="bbox 442 2467 1966 2604">
     <span class='ocr_line' id='line_1_15' title="bbox 1965 2467 1966 2496; baseline 0 0"><span class='ocrx_word' id='word_1_89' title='bbox 1965 2467 1966 2496; x_wconf 86' lang='lat' dir='ltr'><strong>l</strong></span> 
     </span>
     <span class='ocr_line' id='line_1_16' title="bbox 442 2491 1966 2604; baseline -0.004 -24"><span class='ocrx_word' id='word_1_90' title='bbox 442 2497 754 2603; x_wconf 86' lang='grc' dir='ltr'>Μητροπολίτην,</span> <span class='ocrx_word' id='word_1_91' title='bbox 786 2499 826 2577; x_wconf 83' lang='grc' dir='ltr'><strong>ἐκ</strong></span> <span class='ocrx_word' id='word_1_92' title='bbox 856 2503 929 2577; x_wconf 86' lang='grc' dir='ltr'><strong>τῶν</strong></span> <span class='ocrx_word' id='word_1_93' title='bbox 960 2496 1062 2577; x_wconf 76' lang='grc' dir='ltr'>ἰδίων</span> <span class='ocrx_word' id='word_1_94' title='bbox 1093 2499 1133 2576; x_wconf 82' lang='grc' dir='ltr'><strong>ἐν</strong></span> <span class='ocrx_word' id='word_1_95' title='bbox 1163 2497 1209 2603; x_wconf 78' lang='grc' dir='ltr'><strong>τῇ</strong></span> <span class='ocrx_word' id='word_1_96' title='bbox 1240 2498 1363 2604; x_wconf 77' lang='grc' dir='ltr'>ἀγορᾷ</span> <span class='ocrx_word' id='word_1_97' title='bbox 1398 2491 1508 2595; x_wconf 88' lang='grc' dir='ltr'>τιμὴν</span> <span class='ocrx_word' id='word_1_98' title='bbox 1538 2493 1832 2577; x_wconf 81' lang='grc' dir='ltr'>κατεσκευακότα</span> <span class='ocrx_word' id='word_1_99' title='bbox 1965 2499 1966 2550; x_wconf 69' lang='lat' dir='ltr'><strong>t</strong></span> 
     </span>
    </p>
   </div>
   <div class='ocr_carea' id='block_1_8' title="bbox 441 2627 1966 2998">
    <p class='ocr_par' dir='ltr' id='par_1_8' title="bbox 441 2627 1966 2998">
     <span class='ocr_line' id='line_1_17' title="bbox 441 2627 1832 2732; baseline 0.006 -33"><span class='ocrx_word' id='word_1_100' title='bbox 441 2675 1022 2694; x_wconf 85' lang='lat'><strong>-------------</strong></span> <span class='ocrx_word' id='word_1_101' title='bbox 1064 2629 1223 2710; x_wconf 87' lang='grc' dir='ltr'>Μαίωνα</span> <span class='ocrx_word' id='word_1_102' title='bbox 1251 2628 1484 2732; x_wconf 84' lang='grc' dir='ltr'>Δημητρίου,</span> <span class='ocrx_word' id='word_1_103' title='bbox 1519 2627 1717 2732; x_wconf 77' lang='grc' dir='ltr'>εὐεργέτην</span> <span class='ocrx_word' id='word_1_104' title='bbox 1745 2629 1832 2710; x_wconf 81' lang='grc' dir='ltr'>ὄντα</span> 
     </span>
     <span class='ocr_line' id='line_1_18' title="bbox 445 2756 1966 2880; baseline 0.007 -44"><span class='ocrx_word' id='word_1_105' title='bbox 445 2808 698 2826; x_wconf 87' lang='lat'>------</span> <span class='ocrx_word' id='word_1_106' title='bbox 739 2757 935 2865; x_wconf 86' lang='grc' dir='ltr'>πρόθυμον</span> <span class='ocrx_word' id='word_1_107' title='bbox 966 2756 1097 2841; x_wconf 81' lang='grc' dir='ltr'>ἑαυτὸν</span> <span class='ocrx_word' id='word_1_108' title='bbox 1127 2759 1342 2865; x_wconf 74' lang='grc' dir='ltr'>παρέχοντα</span> <span class='ocrx_word' id='word_1_109' title='bbox 1372 2757 1635 2864; x_wconf 77' lang='grc' dir='ltr'>ὑποσχέσεσιν</span> <span class='ocrx_word' id='word_1_110' title='bbox 1665 2758 1727 2840; x_wconf 77' lang='grc' dir='ltr'><strong>καῖ</strong></span> <span class='ocrx_word' id='word_1_111' title='bbox 1756 2765 1831 2844; x_wconf 68' lang='grc' dir='ltr'>ταῖς</span> <span class='ocrx_word' id='word_1_112' title='bbox 1965 2795 1966 2880; x_wconf 63' lang='lat' dir='ltr'><strong>j</strong></span> 
     </span>
     <span class='ocr_line' id='line_1_19' title="bbox 444 2889 1389 2998; baseline -0.005 -21"><span class='ocrx_word' id='word_1_113' title='bbox 444 2902 595 2980; x_wconf 80' lang='grc' dir='ltr'>λοιπαῖς</span> <span class='ocrx_word' id='word_1_114' title='bbox 614 2899 665 2978; x_wconf 78' lang='lat' dir='ltr'><strong>eir</strong></span> <span class='ocrx_word' id='word_1_115' title='bbox 685 2889 753 2994; x_wconf 73' lang='grc' dir='ltr'><strong>τὴν</strong></span> <span class='ocrx_word' id='word_1_116' title='bbox 771 2894 933 2998; x_wconf 86' lang='grc' dir='ltr'>πατρίδα</span> <span class='ocrx_word' id='word_1_117' title='bbox 953 2893 1171 2996; x_wconf 78' lang='grc' dir='ltr'>ὑπηρεσίαις</span> <span class='ocrx_word' id='word_1_118' title='bbox 1191 2927 1225 2972; x_wconf 91' lang='grc' dir='ltr'><strong>κ.</strong></span> <span class='ocrx_word' id='word_1_119' title='bbox 1238 2927 1272 2974; x_wconf 92' lang='grc' dir='ltr'><strong>τ.</strong></span> <span class='ocrx_word' id='word_1_120' title='bbox 1286 2902 1324 2971; x_wconf 93' lang='grc' dir='ltr'><strong>λ.</strong></span> <span class='ocrx_word' id='word_1_121' title='bbox 1386 2919 1389 2928; x_wconf 91' lang='grc'>’</span> 
     </span>
    </p>
   </div>
   <div class='ocr_carea' id='block_1_9' title="bbox 438 3091 1966 4155">
    <p class='ocr_par' dir='ltr' id='par_1_9' title="bbox 438 3091 1966 4155">
     <span class='ocr_line' id='line_1_20' title="bbox 514 3091 1966 3191; baseline -0.001 -25"><span class='ocrx_word' id='word_1_122' title='bbox 514 3095 771 3191; x_wconf 83' lang='lat' dir='ltr'><strong>Fragmentum</strong></span> <span class='ocrx_word' id='word_1_123' title='bbox 799 3093 895 3165; x_wconf 85' lang='lat' dir='ltr'><strong>tituli</strong></span> <span class='ocrx_word' id='word_1_124' title='bbox 914 3117 962 3166; x_wconf 89' lang='lat' dir='ltr'><strong>ex</strong></span> <span class='ocrx_word' id='word_1_125' title='bbox 988 3091 1198 3166; x_wconf 89' lang='lat' dir='ltr'><strong>honorariis.</strong></span> <span class='ocrx_word' id='word_1_126' title='bbox 1251 3091 1506 3189; x_wconf 88' lang='lat' dir='ltr'><strong>Compositum</strong></span> <span class='ocrx_word' id='word_1_127' title='bbox 1524 3092 1653 3190; x_wconf 88' lang='lat' dir='ltr'><strong>opinor</strong></span> <span class='ocrx_word' id='word_1_128' title='bbox 1669 3092 1709 3164; x_wconf 92' lang='lat' dir='ltr'><strong>in</strong></span> <span class='ocrx_word' id='word_1_129' title='bbox 1725 3091 1831 3165; x_wconf 82' lang='lat' dir='ltr'><strong>hono</strong></span> <span class='ocrx_word' id='word_1_130' title='bbox 1965 3093 1966 3172; x_wconf 71' lang='lat' dir='ltr'>j</span> 
     </span>
     <span class='ocr_line' id='line_1_21' title="bbox 439 3213 1828 3314; baseline -0.002 -27"><span class='ocrx_word' id='word_1_131' title='bbox 439 3239 516 3288; x_wconf 89' lang='lat' dir='ltr'><strong>rem</strong></span> <span class='ocrx_word' id='word_1_132' title='bbox 540 3213 729 3311; x_wconf 85' lang='lat' dir='ltr'><strong>cujusdam</strong></span> <span class='ocrx_word' id='word_1_133' title='bbox 754 3214 818 3309; x_wconf 92' lang='lat' dir='ltr'><strong>qui</strong></span> <span class='ocrx_word' id='word_1_134' title='bbox 839 3217 933 3288; x_wconf 91' lang='lat' dir='ltr'><strong>bene</strong></span> <span class='ocrx_word' id='word_1_135' title='bbox 957 3214 1002 3288; x_wconf 87' lang='lat' dir='ltr'><strong>de</strong></span> <span class='ocrx_word' id='word_1_136' title='bbox 1027 3215 1144 3312; x_wconf 86' lang='lat' dir='ltr'><strong>patria</strong></span> <span class='ocrx_word' id='word_1_137' title='bbox 1168 3225 1359 3302; x_wconf 85' lang='lat' dir='ltr'><strong>meruerat,</strong></span> <span class='ocrx_word' id='word_1_138' title='bbox 1377 3227 1414 3288; x_wconf 86' lang='lat' dir='ltr'><strong>et</strong></span> <span class='ocrx_word' id='word_1_139' title='bbox 1430 3239 1452 3288; x_wconf 91' lang='lat' dir='ltr'><strong>a</strong></span> <span class='ocrx_word' id='word_1_140' title='bbox 1467 3213 1603 3314; x_wconf 91' lang='lat' dir='ltr'><strong>populo</strong></span> <span class='ocrx_word' id='word_1_141' title='bbox 1620 3213 1828 3312; x_wconf 83' lang='lat' dir='ltr'><strong>profectum.</strong></span> 
     </span>
     <span class='ocr_line' id='line_1_22' title="bbox 440 3331 1966 3430; baseline -0.003 -22"><span class='ocrx_word' id='word_1_142' title='bbox 440 3337 666 3410; x_wconf 88' lang='lat' dir='ltr'><strong>Mentionem</strong></span> <span class='ocrx_word' id='word_1_143' title='bbox 682 3332 814 3408; x_wconf 83' lang='lat' dir='ltr'><strong>factam</strong></span> <span class='ocrx_word' id='word_1_144' title='bbox 831 3333 1045 3430; x_wconf 89' lang='lat' dir='ltr'><strong>Metropolis</strong></span> <span class='ocrx_word' id='word_1_145' title='bbox 1062 3333 1100 3406; x_wconf 93' lang='lat' dir='ltr'><strong>in</strong></span> <span class='ocrx_word' id='word_1_146' title='bbox 1118 3359 1150 3406; x_wconf 88' lang='lat' dir='ltr'><strong>v.</strong></span> <span class='ocrx_word' id='word_1_147' title='bbox 1171 3336 1202 3406; x_wconf 89' lang='lat'><strong>1.</strong></span> <span class='ocrx_word' id='word_1_148' title='bbox 1220 3333 1421 3430; x_wconf 86' lang='lat' dir='ltr'><strong>agnoveris,</strong></span> <span class='ocrx_word' id='word_1_149' title='bbox 1446 3357 1589 3406; x_wconf 84' lang='lat' dir='ltr'><strong>necnon</strong></span> <span class='ocrx_word' id='word_1_150' title='bbox 1612 3331 1682 3406; x_wconf 89' lang='lat' dir='ltr'><strong>fori</strong></span> <span class='ocrx_word' id='word_1_151' title='bbox 1701 3333 1780 3429; x_wconf 92' lang='lat' dir='ltr'><strong>ejus</strong></span> <span class='ocrx_word' id='word_1_152' title='bbox 1796 3342 1831 3404; x_wconf 90' lang='lat' dir='ltr'><strong>et</strong></span> <span class='ocrx_word' id='word_1_153' title='bbox 1965 3389 1966 3402; x_wconf 72' lang='grc'>.</span> 
     </span>
     <span class='ocr_line' id='line_1_23' title="bbox 443 3450 1966 3555; baseline -0.001 -27"><span class='ocrx_word' id='word_1_154' title='bbox 443 3453 634 3555; x_wconf 78' lang='lat' dir='ltr'><strong>(statuae‘l)</strong></span> <span class='ocrx_word' id='word_1_155' title='bbox 652 3454 691 3528; x_wconf 93' lang='lat' dir='ltr'><strong>in</strong></span> <span class='ocrx_word' id='word_1_156' title='bbox 707 3478 752 3526; x_wconf 88' lang='lat' dir='ltr'><strong>eo</strong></span> <span class='ocrx_word' id='word_1_157' title='bbox 769 3454 906 3552; x_wconf 86' lang='lat' dir='ltr'><strong>positae,</strong></span> <span class='ocrx_word' id='word_1_158' title='bbox 923 3453 1075 3528; x_wconf 78' lang='lat' dir='ltr'><strong>fortasse</strong></span> <span class='ocrx_word' id='word_1_159' title='bbox 1093 3479 1115 3528; x_wconf 87' lang='lat' dir='ltr'><strong>a</strong></span> <span class='ocrx_word' id='word_1_160' title='bbox 1130 3455 1273 3527; x_wconf 86' lang='lat' dir='ltr'><strong>Maeone</strong></span> <span class='ocrx_word' id='word_1_161' title='bbox 1291 3451 1448 3550; x_wconf 83' lang='lat' dir='ltr'><strong>quodem</strong></span> <span class='ocrx_word' id='word_1_162' title='bbox 1467 3453 1532 3549; x_wconf 91' lang='lat' dir='ltr'><strong>qui</strong></span> <span class='ocrx_word' id='word_1_163' title='bbox 1548 3450 1735 3527; x_wconf 87' lang='lat' dir='ltr'><strong>beneficiis</strong></span> <span class='ocrx_word' id='word_1_164' title='bbox 1760 3453 1830 3526; x_wconf 89' lang='lat' dir='ltr'><strong>suis</strong></span> <span class='ocrx_word' id='word_1_165' title='bbox 1965 3469 1966 3542; x_wconf 79' lang='lat' dir='ltr'>j</span> 
     </span>
     <span class='ocr_line' id='line_1_24' title="bbox 441 3572 1830 3672; baseline -0.006 -18"><span class='ocrx_word' id='word_1_166' title='bbox 441 3580 625 3654; x_wconf 88' lang='lat' dir='ltr'><strong>civitatem</strong></span> <span class='ocrx_word' id='word_1_167' title='bbox 655 3590 816 3664; x_wconf 73' lang='lat' dir='ltr'><strong>auxerat,</strong></span> <span class='ocrx_word' id='word_1_168' title='bbox 834 3578 894 3650; x_wconf 93' lang='lat' dir='ltr'><strong>vel</strong></span> <span class='ocrx_word' id='word_1_169' title='bbox 923 3579 969 3652; x_wconf 92' lang='lat' dir='ltr'><strong>ab</strong></span> <span class='ocrx_word' id='word_1_170' title='bbox 999 3575 1080 3662; x_wconf 87' lang='lat' dir='ltr'><strong>alic,</strong></span> <span class='ocrx_word' id='word_1_171' title='bbox 1101 3576 1206 3672; x_wconf 88' lang='lat' dir='ltr'><strong>eujus</strong></span> <span class='ocrx_word' id='word_1_172' title='bbox 1232 3598 1365 3648; x_wconf 88' lang='lat' dir='ltr'><strong>nomen</strong></span> <span class='ocrx_word' id='word_1_173' title='bbox 1393 3572 1541 3660; x_wconf 85' lang='lat' dir='ltr'><strong>excidit,</strong></span> <span class='ocrx_word' id='word_1_174' title='bbox 1569 3572 1743 3670; x_wconf 87' lang='lat' dir='ltr'><strong>quicum</strong></span> <span class='ocrx_word' id='word_1_175' title='bbox 1769 3573 1830 3646; x_wconf 92' lang='lat' dir='ltr'><strong>illo</strong></span> 
     </span>
     <span class='ocr_line' id='line_1_25' title="bbox 438 3691 1830 3798; baseline -0.006 -23"><span class='ocrx_word' id='word_1_176' title='bbox 438 3704 587 3798; x_wconf 89' lang='lat' dir='ltr'><strong>junctus</strong></span> <span class='ocrx_word' id='word_1_177' title='bbox 603 3697 730 3773; x_wconf 85' lang='lat' dir='ltr'><strong>fuerat</strong></span> <span class='ocrx_word' id='word_1_178' title='bbox 783 3698 875 3770; x_wconf 86' lang='lat' dir='ltr'><strong>Haec</strong></span> <span class='ocrx_word' id='word_1_179' title='bbox 898 3696 974 3770; x_wconf 91' lang='lat' dir='ltr'><strong>sola</strong></span> <span class='ocrx_word' id='word_1_180' title='bbox 995 3719 1044 3769; x_wconf 89' lang='lat' dir='ltr'><strong>ex</strong></span> <span class='ocrx_word' id='word_1_181' title='bbox 1065 3717 1242 3767; x_wconf 87' lang='lat' dir='ltr'><strong>marmore</strong></span> <span class='ocrx_word' id='word_1_182' title='bbox 1260 3715 1387 3766; x_wconf 89' lang='lat' dir='ltr'><strong>eruere</strong></span> <span class='ocrx_word' id='word_1_183' title='bbox 1404 3691 1527 3790; x_wconf 89' lang='lat' dir='ltr'><strong>potui:</strong></span> <span class='ocrx_word' id='word_1_184' title='bbox 1555 3691 1696 3788; x_wconf 89' lang='lat' dir='ltr'><strong>reliqua</strong></span> <span class='ocrx_word' id='word_1_185' title='bbox 1712 3693 1830 3766; x_wconf 85' lang='lat' dir='ltr'><strong>omnia</strong></span> 
     </span>
     <span class='ocr_line' id='line_1_26' title="bbox 442 3811 1830 3910; baseline -0.007 -16"><span class='ocrx_word' id='word_1_186' title='bbox 442 3827 671 3894; x_wconf 84' lang='lat' dir='ltr'><strong>evanuerant.</strong></span> <span class='ocrx_word' id='word_1_187' title='bbox 735 3817 851 3902; x_wconf 72' lang='lat' dir='ltr'><strong>lacet,</strong></span> <span class='ocrx_word' id='word_1_188' title='bbox 892 3839 986 3888; x_wconf 90' lang='lat' dir='ltr'><strong>unus</strong></span> <span class='ocrx_word' id='word_1_189' title='bbox 1027 3811 1073 3886; x_wconf 91' lang='lat' dir='ltr'><strong>de</strong></span> <span class='ocrx_word' id='word_1_190' title='bbox 1113 3811 1295 3910; x_wconf 74' lang='lat' dir='ltr'><strong>gradibus,</strong></span> <span class='ocrx_word' id='word_1_191' title='bbox 1330 3823 1412 3886; x_wconf 90' lang='lat' dir='ltr'><strong>ante</strong></span> <span class='ocrx_word' id='word_1_192' title='bbox 1450 3811 1671 3885; x_wconf 87' lang='lat' dir='ltr'><strong>vestibulum</strong></span> <span class='ocrx_word' id='word_1_193' title='bbox 1706 3811 1830 3909; x_wconf 90' lang='lat' dir='ltr'><strong>templi</strong></span> 
     </span>
     <span class='ocr_line' id='line_1_27' title="bbox 443 3933 1831 4034; baseline -0.005 -21"><span class='ocrx_word' id='word_1_194' title='bbox 443 3937 740 4014; x_wconf 82' lang='lat' dir='ltr'><strong>Mllhammedani</strong></span> <span class='ocrx_word' id='word_1_195' title='bbox 772 3937 811 4009; x_wconf 88' lang='lat' dir='ltr'><strong>in</strong></span> <span class='ocrx_word' id='word_1_196' title='bbox 838 3935 960 4010; x_wconf 87' lang='lat' dir='ltr'><strong>viculo</strong></span> <span class='ocrx_word' id='word_1_197' title='bbox 987 3959 1097 4034; x_wconf 88' lang='lat' dir='ltr'><strong>supra</strong></span> <span class='ocrx_word' id='word_1_198' title='bbox 1123 3934 1222 4008; x_wconf 89' lang='lat' dir='ltr'><strong>dicto</strong></span> <span class='ocrx_word' id='word_1_199' title='bbox 1245 3933 1406 4020; x_wconf 73' lang='lat' dir='ltr'><strong>Turbata,</strong></span> <span class='ocrx_word' id='word_1_200' title='bbox 1432 3933 1639 4032; x_wconf 88' lang='lat' dir='ltr'><strong>patiturque</strong></span> <span class='ocrx_word' id='word_1_201' title='bbox 1669 3933 1831 4030; x_wconf 86' lang='lat' dir='ltr'><strong>quotidie</strong></span> 
     </span>
     <span class='ocr_line' id='line_1_28' title="bbox 443 4059 929 4155; baseline -0.01 -19"><span class='ocrx_word' id='word_1_202' title='bbox 443 4060 753 4136; x_wconf 86' lang='lat' dir='ltr'><strong>obambulantium</strong></span> <span class='ocrx_word' id='word_1_203' title='bbox 770 4059 929 4155; x_wconf 90' lang='lat' dir='ltr'><strong>injurias.</strong></span> 
     </span>
    </p>
   </div>
   <div class='ocr_carea' id='block_1_10' title="bbox 483 4291 1831 4376">
    <p class='ocr_par' dir='ltr' id='par_1_10' title="bbox 483 4291 1831 4376">
     <span class='ocr_line' id='line_1_29' title="bbox 483 4291 1831 4376; baseline -0.005 -18"><span class='ocrx_word' id='word_1_204' title='bbox 483 4304 495 4334; x_wconf 81' lang='lat'>⁸</span> <span class='ocrx_word' id='word_1_205' title='bbox 510 4299 576 4358; x_wconf 88' lang='lat' dir='ltr'><strong>Vol.</strong></span> <span class='ocrx_word' id='word_1_206' title='bbox 587 4315 618 4357; x_wconf 77' lang='grc' dir='ltr'><strong>ιι</strong></span> <span class='ocrx_word' id='word_1_207' title='bbox 633 4295 736 4376; x_wconf 81' lang='lat' dir='ltr'><strong>p.626.</strong></span> <span class='ocrx_word' id='word_1_208' title='bbox 751 4317 779 4356; x_wconf 88' lang='lat' dir='ltr'><strong>u.</strong></span> <span class='ocrx_word' id='word_1_209' title='bbox 791 4295 878 4358; x_wconf 83' lang='grc'>3036.</span> <span class='ocrx_word' id='word_1_210' title='bbox 1011 4295 1023 4336; x_wconf 78' lang='lat' dir='ltr'>f</span> <span class='ocrx_word' id='word_1_211' title='bbox 1037 4297 1100 4357; x_wconf 88' lang='lat' dir='ltr'><strong>Ubi</strong></span> <span class='ocrx_word' id='word_1_212' title='bbox 1113 4315 1176 4373; x_wconf 90' lang='lat' dir='ltr'><strong>sup.</strong></span> <span class='ocrx_word' id='word_1_213' title='bbox 1191 4315 1219 4374; x_wconf 88' lang='lat' dir='ltr'><strong>p.</strong></span> <span class='ocrx_word' id='word_1_214' title='bbox 1230 4293 1297 4356; x_wconf 79' lang='lat'>62⁵.</span> <span class='ocrx_word' id='word_1_215' title='bbox 1312 4315 1340 4354; x_wconf 91' lang='lat' dir='ltr'><strong>n.</strong></span> <span class='ocrx_word' id='word_1_216' title='bbox 1351 4299 1438 4356; x_wconf 80' lang='grc'>3034.</span> <span class='ocrx_word' id='word_1_217' title='bbox 1586 4299 1598 4340; x_wconf 80' lang='lat'>⁸</span> <span class='ocrx_word' id='word_1_218' title='bbox 1613 4294 1674 4352; x_wconf 88' lang='lat' dir='ltr'><strong>Ubi</strong></span> <span class='ocrx_word' id='word_1_219' title='bbox 1688 4313 1752 4372; x_wconf 85' lang='lat' dir='ltr'><strong>sup.</strong></span> <span class='ocrx_word' id='word_1_220' title='bbox 1767 4291 1831 4352; x_wconf 70' lang='lat' dir='ltr'><strong>ns.</strong></span> 
     </span>
    </p>
   </div>
   <div class='ocr_carea' id='block_1_11' title="bbox 0 0 2008 5236">
    <p class='ocr_par' dir='ltr' id='par_1_11' title="bbox 0 0 2008 5236">
     <span class='ocr_line' id='line_1_30' title="bbox 0 0 2008 5236; baseline 0 0"><span class='ocrx_word' id='word_1_221' title='bbox 0 0 2008 5236; x_wconf 95' lang='lat' dir='ltr'><strong> </strong></span> 
     </span>
    </p>
   </div>
  </div>
 </body>
</html>
