3992 5240
165 599 272 644 isson.
289 585 403 664 carra]
598 585 604 598 '
797 583 924 652 TEOS.
1501 589 1562 651 137

165 765 355 840 Bockhius
388 765 489 865 ipse‘.
553 771 596 842 In
635 771 851 867 quibusdam
891 797 949 846 me
991 772 1185 870 profecisse
1218 775 1388 867 arbitror,
1417 774 1454 846 in
1490 773 1560 848 hoc

161 887 334 974 maxime,
352 889 452 984 quod
470 915 602 965 nomen
620 892 771 968 Caesaris
789 894 929 968 nullum
957 895 1078 970 locum
1102 897 1140 969 in
1161 897 1267 972 titulo
1296 896 1464 970 habuisse
1481 921 1559 994 per·

164 1007 299 1102 spexi⁸.
350 1009 511 1082 Videtur
528 1035 658 1108 scopus
676 1011 772 1086 tituli
795 1037 872 1086 esse
890 1011 1114 1088 confirmatio
1144 1040 1209 1112 per
1226 1015 1414 1088 decretum
1446 1015 1560 1088 muni-

163 1127 284 1222 cipale
303 1129 528 1224 quarundam
545 1130 831 1204 caerimoniarum
849 1157 938 1228 quas
961 1134 999 1208 in
1022 1135 1195 1231 majorem
1211 1136 1366 1234 Dionysi
1384 1135 1558 1208 honorem

161 1259 206 1318 ut
223 1261 319 1320 ratas
332 1247 508 1323 haberent
521 1249 674 1325 Senatus
685 1252 919 1349 Populusque
934 1253 1108 1328 Teiorum
1125 1267 1290 1330 auctores
1301 1255 1444 1329 fuerant
1456 1257 1557 1330 cives

163 1366 316 1463 quidam
333 1369 556 1467 insigniores.
608 1372 691 1444 Hoc
716 1373 754 1446 in
781 1385 882 1471 parte
901 1373 1089 1472 deperdita
1105 1374 1323 1474 patefactum
1340 1375 1451 1450 fuisse
1470 1377 1557 1450 satis

162 1503 334 1563 constat:
362 1489 452 1586 quid
470 1515 556 1564 vero
569 1489 807 1586 judicandum
835 1492 881 1565 sit
905 1491 951 1567 de
969 1493 1227 1590 supplementis
1245 1519 1327 1592 quae
1343 1495 1382 1568 in
1399 1521 1457 1568 vv.
1475 1498 1556 1584 1-6,

161 1609 249 1682 loco
267 1634 351 1684 sane
368 1635 496 1708 aspero
508 1613 528 1698 l,
555 1610 691 1684 tentavi
708 1612 939 1709 peritioribus
955 1613 1130 1710 relinquo.
1180 1615 1358 1689 Novimus
1385 1627 1483 1689 certe
1508 1639 1558 1690 ex

161 1759 195 1804 v.
211 1735 244 1806 6.
262 1735 384 1830 plures
411 1733 522 1806 fuisse
547 1733 612 1830 qui
641 1732 816 1807 beneficia
832 1733 1070 1828 contulerant,
1088 1745 1190 1806 etex
1212 1734 1327 1807 titulis
1340 1733 1556 1830 jamdudum

162 1855 260 1927 bene
278 1851 387 1928 notis¹¹
407 1853 603 1929 Crotonem
622 1853 910 1928 Chalcedonium
927 1863 965 1928 et
981 1853 1116 1928 Bacchi
1133 1854 1356 1927 sacerdotem
1373 1853 1495 1948 fuisse,
1518 1868 1556 1928 et

160 1975 322 2048 honores
339 1975 511 2049 meruisse
528 1985 676 2072 propter
693 1999 839 2072 operam
856 1973 1034 2072 insignem
1062 1973 1100 2046 in
1126 1973 1302 2072 religione
1319 1973 1481 2047 ornanda
1496 2000 1555 2048 na·

161 2108 294 2168 vatam.
345 2095 431 2168 Feci
460 2095 572 2194 igitur
601 2119 649 2167 ex
675 2094 876 2193 fragmento
893 2099 1057 2180 ΟΝΙΟΣ
1087 2099 1430 2179 ΧΑΛΚΕΔΟΝΙΟΣ,
1448 2107 1486 2168 et
1508 2119 1556 2168 ex

163 2220 241 2302 tto,
263 2220 493 2301 ΚΟΛΩΤΑΣ,
511 2215 599 2289 alibi
625 2215 720 2288 inter
738 2215 828 2288 Teia
848 2212 1013 2288 obvium.
1065 2213 1221 2290 B'ockhii
1238 2214 1498 2288 correctionem
1516 2216 1555 2287 in

161 2367 195 2413 v.
210 2344 246 2413 4.
265 2339 475 2436 neutiquam
491 2341 619 2437 probo,
637 2363 686 2414 sc.
706 2327 860 2428 εἰκόνας,
878 2339 1094 2438 apographis
1111 2340 1278 2413 omnihus
1295 2341 1334 2413 in
1351 2341 1471 2414 httera
1486 2341 1555 2414 ista

159 2460 538 2551 coonsentientibus3
557 2471 776 2556 quapropter
789 2455 1101 2534 ΕΦΕΛΚΟΝΤΕΣιι
1114 2460 1260 2547 tentavi,
1278 2460 1317 2533 id
1334 2460 1434 2556 quod
1445 2461 1554 2535 lectio

160 2581 361 2680 depravata
386 2582 470 2656 satis
497 2579 734 2655 commendat.
785 2581 829 2653 In
857 2571 1149 2676 reliquisusque
1177 2579 1224 2654 ad
1245 2580 1358 2656 finem·
1381 2583 1487 2671 tituli,
1504 2584 1555 2656 in·

159 2703 313 2777 venient
340 2702 471 2776 horum
498 2701 650 2776 studiosi
677 2700 833 2799 plurima
849 2699 1094 2774 emendatiora
1116 2721 1227 2798 quam
1249 2702 1288 2775 in
1310 2701 1413 2776 libris
1435 2703 1554 2778 adhuc

159 2826 348 2923 conspexi,
366 2825 565 2922 praesertim
582 2824 621 2897 in
638 2848 695 2896 vv.
712 2825 744 2896 8.
766 2824 892 2898 15.16.
945 2823 1106 2919 Appono
1122 2823 1295 2897 lectiones
1309 2824 1553 2900 Pococlrianas

160 2969 212 3019 ex
229 2945 362 3042 quibus
379 2945 582 3019 minuscula
598 2969 663 3018 sua
679 2942 836 3018 'confecit
853 2941 1046 3019 Bockhius.

237 3069 284 3140 In
300 3065 442 3140 v.l.fin.
456 3067 630 3142 obv,'l'0.
647 3075 651 3086 ’
669 3069 714 3140 In
726 3069 758 3140 2.
770 3065 830 3139 fin.
843 3070 1006 3140 ΜΑΙΚΟ.
1046 3066 1092 3136 In
1105 3066 1137 3136 3.
1150 3069 1343 3139 ntozete.
1389 3065 1434 3138 In
1448 3062 1550 3138 ofin.

161 3192 298 3262 ΠΙΟΣ.
343 3188 388 3260 In
406 3189 438 3259 6.
452 3185 544 3259 med.
565 3189 829 3259 ΕΥΕΠΕΣΙΑΣ.
886 3183 930 3255 In
949 3185 980 3255 7.
997 3180 1090 3255 med.
1109 3193 1146 3254 et
1161 3179 1220 3254 fin.
1234 3188 1551 3258 ΚΑΠΩΛΗΜΟΥ-

158 3312 345 3382 ΗΝΟΥΣ.
375 3308 419 3380 In
432 3305 534 3380 8.ult.
548 3310 898 3390 ΠΙΟΚΑΘΗΣΕΗΣ,
909 3327 998 3400 quas
1010 3303 1134 3377 sordes
1146 3305 1400 3404 abstergendas
1411 3306 1552 3380 amavit

156 3431 347 3508 Bockhius
357 3432 542 3531 ingeniose
554 3429 758 3528 admodum,
766 3430 866 3527 atqui
876 3430 991 3504 invito
1001 3453 1259 3526 marmore,per
1267 3418 1341 3526 πρὸ
1354 3422 1549 3508 καθίσεως.

156 3557 626 3651 Ι611.Ρτ.ΑΝΟΙΣΗὶΣ.
683 3555 802 3627 11112.
828 3555 1249 3626 ΠΡΕΙῚΟΥΚΑΙΣΑΡΟΣ
1271 3562 1338 3624 etc.
1368 3549 1468 3646 quod
1493 3574 1551 3622 va·

156 3657 246 3750 nam
263 3677 507 3772 conjecturam
530 3674 719 3750 induxerit
743 3685 980 3749 memoratum
1006 3671 1117 3748 fuisse
1135 3671 1327 3770 quemdam
1344 3695 1393 3745 ex
1404 3669 1551 3746 Caesari·

200 3923 212 3963 f
232 3925 301 3982 Vol.
313 3941 346 3983 11.
359 3942 387 4001 p.
400 3921 468 3988 647.
481 3943 509 3981 n.
519 3919 604 3984 3062.
878 3921 1018 3992 libencio,
1033 3922 1235 4001 Polyrrhenio,
1250 3932 1303 3982 etc

198 4029 213 4068 ⁸
228 4023 306 4080 Vide
316 4023 389 4080 obss.
403 4022 470 4080 infr.
485 4021 522 4079 ad
532 4023 602 4080 Ver.
614 4021 707 4080 lectt.
716 4042 742 4080 v.
755 4023 799 4080 12.
917 4021 932 4059 ¹
947 4023 1038 4080 Potui
1051 4031 1081 4082 et
1095 4022 1259 4099 ἶφιλιιᾶμιπι.
1304 4023 1409 4082 Fateor
1421 4041 1490 4082 vero
1503 4042 1549 4081 me

197 4122 312 4182 leons.
333 4141 433 4180 marm.
453 4121 598 4180 Choisoul.
621 4131 651 4180 et
674 4121 829 4180 Hermian.
879 4121 911 4178 in
924 4120 1048 4180 lectione
1061 4119 1169 4192 ἰφίλιυι
1180 4121 1463 4198 τιμέννεὶτιμιίςιιοη
1477 4122 1548 4180 levi-

155 4225 188 4282 in
205 4219 567 4298 Bockh.v01.app.655.
582 4217 649 4280 661.
880 4228 925 4278 ter
937 4217 1056 4277 harere.

197 4321 203 4362 ³
223 4321 337 4398 Nempe
354 4320 386 4377 in
400 4319 461 4378 titt.
475 4317 510 4377 de
523 4318 614 4398 asylis
626 4315 828 4385 confirmanda,

221 4439 339 4486 nocte.
355 4439 391 4483 11.
840 4437 859 4480 Τ
