3952 5238
155 605 375 694 moos.t.‚nr.]
688 603 1012 672 APHRODISIAS.
1475 605 1535 670 281

153 799 200 858 tol
224 795 291 877 ὥρᾳ
316 790 526 880 διενεγκόντες
552 788 731 870 lectitent
756 821 870 869 τινας·
884 829 898 846 ·
912 833 927 846 -
942 833 956 846 -
970 793 1143 877 ἀτιμώσετε.
1202 789 1293 856 Conf.
1316 789 1349 854 in'
1369 789 1437 854 aliis
1462 785 1538 856 loeis

153 897 300 982 ejusdem¹
315 911 347 961 et
362 896 601 984 Thucydideism
615 897 702 963 hunc
725 897 956 963 sensum-verbi.
976 897 1110 986 διαφέρω
1129 895 1329 964 illustratum.
1374 895 1429 962 Ex
1454 895 1538 962 hisee

154 1003 266 1070 neuris
290 1002 478 1092 intelligitur
501 1027 596 1089 quem
621 1003 758 1092 graviter
780 1021 862 1070 errat
881 1005 915 1069 in
930 1004 1072 1069 versione
1091 1027 1147 1068 sus
1165 1003 1260 1088 hujus
1279 1001 1365 1068 tituli
1387 999 1541 1089 interpres

154 1109 402 1178 Fetlowsianusa

218 1218 267 1280 ll.
293 1215 459 1300 Παρθένον
480 1215 531 1284 ἔτι.
576 1215 671 1280 Diem
685 1239 865 1305 supremum
880 1215 959 1284 obiit
973 1215 1097 1292 intacta
1113 1215 1241 1303 votique
1256 1223 1395 1304 compos}

496 1443 643 1538 'Ttlocdt
659 1459 806 1546 κᾶμψσιμ
820 1459 925 1546 ὥσπερ
944 1455 1087 1546 ἠρξάμην
1100 1458 1198 1546 filos!

441 1689 449 1700 ·
465 1655 527 1714 Nec
539 1653 638 1713 dulces
651 1663 741 1724 ustos,
756 1653 880 1712 Veneris
888 1671 946 1711 nec
959 1653 1077 1729 premia
1090 1653 1188 1716 nostil
1229 1639 1234 1644 ’
1292 1687 1298 1700 =
1317 1639 1320 1646 ⁴

468 1797 477 1814 .
514 1793 524 1816 t
562 1795 581 1814 ·.
610 1789 619 1818 s
658 1754 735 1812 nulli
748 1753 892 1830 quondum
905 1753 1012 1811 flexere
1024 1753 1132 1822 mariti,
1154 1800 1159 1810 .
1249 1799 1252 1807 .

467 1855 496 1913 N
497 1875 534 1912 on
548 1855 657 1932 Libya,
672 1873 730 1912 non
742 1861 810 1911 snte
819 1853 916 1930 Tyro:
937 1851 1089 1928 despectus
1103 1852 1211 1920 Iarbas,

466 1954 667 2030 Ductoresque
680 1953 738 2024 alii,
753 1972 826 2028 quos
839 1951 942 2010 Africa
956 1961 1034 2010 terre
1048 1949 1209 2030 triumphis

465 2052 555 2110 Dives
569 2051 640 2109 alit:
682 2090 1177 2112 ...........

467 2279 473 2294 .
510 2279 518 2298 .
545 2238 617 2298 felix
630 2257 689 2296 uns
701 2246 769 2296 ante
782 2238 850 2295 alios
863 2236 1041 2316 Aphrodisia
1054 2235 1145 2315 virgo,

466 2319 537 2412 Quae
550 2339 644 2414 patrio
658 2338 689 2394 in
703 2338 826 2408 tumulo,
843 2337 981 2414 Lelegum
995 2339 1050 2396 sub
1063 2337 1207 2397 moenibus
1221 2337 1287 2396 eltis

466 2434 570 2492 Sancte
580 2433 665 2509 jacet,
681 2453 803 2512 quaeque
816 2433 967 2510 amplexus
981 2455 1038 2492 non
1052 2436 1176 2512 pertulit
1189 2437 1275 2506 ullos,

465 2533 525 2592 Neo
538 2533 657 2592 viot'oris
670 2533 733 2592 heri
747 2533 847 2612 tetigit
860 2535 999 2612 desponsa
1012 2537 1117 2598 cubile.
1323 2535 1325 2542 ’

822 2799 877 2866 LI.

214 2943 246 3007 h.
270 2946 300 3008 2.
323 2945 573 3036 Μετηλλαχότα.
615 2945 696 3010 Vide
723 2959 786 3010 not.
803 2945 842 3010 ad
866 2945 912 3009 tit.
930 2946 1061 3033 praeoed.
1078 2969 1109 3010 v.
1127 2947 1155 3008 2.
1200 2945 1295 3010 Adde
1321 2943 1475 3032 exemplis
1494 2943 1539 3009 ibi

152 3049 305 3138 congestis
320 3049 482 3136 sequentia
496 3073 537 3117 ex
553 3049 796 3116 Alexandrinis:
823 3051 913 3116 Esdr.
930 3051 955 3116 Ι.
973 3055 1000 3115 1.
1015 3052 1064 3116 31.
1111 3051 1251 3118 Mecosb.
1265 3053 1309 3117 II.
1325 3054 1354 3116 4.
1364 3055 1402 3117 ·7.
1418 3068 1450 3118 et
1465 3055 1493 3118 5.
1511 3057 1539 3119 5.

151 3169 182 3218 ot
198 3157 225 3219 7.
242 3158 294 3222 40.
323 3157 426 3224 Abest
439 3157 518 3246 βίον
532 3159 565 3226 in
581 3161 611 3222 l.
625 3159 674 3223 37.
691 3173 723 3224 et
738 3159 767 3224 6.
785 3159 834 3222 31.
851 3173 883 3224 et
899 3161 927 3224 7.
941 3162 969 3234 7,
988 3159 1037 3223 13.
1082 3157 1121 3223 In
1136 3158 1205 3224 loco
1216 3157 1385 3246 exagitato,
1401 3162 1539 3225 11.7.14.

152 3264 274 3348 αἱρετὸν
282 3263 561 3347 μεταλλάσσοντσς
571 3265 812 3354 ὑπ’·ἇνθρώπων
821 3267 879 3342 τὰς
890 3267 950 3332 ὑπὸ
959 3273 1015 3332 τοῦ
1031 3264 1104 3332 θεοῦ
1114 3263 1298 3352 προσδοκᾷν
1308 3263 1449 3343 ἐλπίδας,
1459 3290 1538 3330 vers.

151 3367 235 3456 vulg.
251 3381 307 3443 est,
318 3369 421 3454 potius
435 3381 476 3434 est
489 3369 528 3432 ab
542 3368 713 3434 luminibus
728 3369 819 3432 morti
832 3369 917 3432 datos
937 3391 1020 3454 spem
1042 3378 1243 3453 cooperturae
1258 3365 1336 3442 Deo,
1353 3367 1540 3433 reclamante

152 3499 224 3539 vero
241 3473 462 3540 Schleusnero⁰
478 3475 532 3562 qui
556 3475 713 3563 praelatam
739 3475 835 3540 habet
858 3474 928 3539 lect.
954 3475 1007 3541 ἀπ’
1023 3473 1212 3560 ἀνθρώπων,
1230 3485 1267 3536 ut
1284 3471 1476 3537 constructio
1500 3473 1540 3538 rit

151 3581 429 3660 μεταλλάσσοντας
446 3583 519 3666 (τὰς
544 3579 691 3668 ἐλπίδας)
707 3583 764 3657 τὰς
779 3579 832 3646 ἆτ’
848 3577 1034 3662 ἀνθρώπων.
1085 3575 1138 3642 Sic
1153 3573 1300 3661 equidem
1324 3577 1405 3642 bene
1429 3599 1540 3642 oonsu-

152 3684 226 3750 litur
241 3685 272 3748 vi
288 3686 448 3752 rhetoricae
463 3687 625 3764 clausulae;
648 3685 736 3772 atqui
755 3709 819 3750 non
842 3682 992 3749 assentior
1005 3682 1073 3746 viro
1088 3682 1181 3747 docto
1196 3681 1229 3746 in
1245 3682 1381 3767 eoquod
1405 3683 1539 3768 subjicit,

152 3791 438 3880 interpretationem
450 3775 609 3881 ¹vulgatam
625 3791 781 3881 passivum
797 3793 1141 3875 (μεταλλασσομένονς)
1153 3787 1309 3873 requirere
1322 3813 1329 3864 ;
1352 3811 1425 3853 nam
1440 3803 1539 3855 stante

152 3897 244 3964 etiam
267 3897 338 3964 leot.
362 3901 434 3974 ἀπὸ,
458 3899 554 3986 possis
578 3897 843 3985 comparationem
866 3895 966 3960 lacere
991 3917 1063 3960 oum
1085 3893 1313 3968 ciceronisnos,
1340 3893 1415 3974 Qnoe
1433 3894 1539 3978 (ratio)

151 4007 305 4071 eltrudem
319 4006 514 4092 scrnpiternm
536 4004 614 4068 nitu
626 4005 705 4071 enim
719 4014 759 4070 est
773 4003 915 4068 ualentius
928 4025 948 4064 a
963 4023 1019 4087 quo
1035 4001 1168 4065 interero.

183 4247 187 4279 ¹
209 4249 243 4296 &l
262 4249 341 4309 Steplt
351 4263 388 4310 pp.
399 4253 435 4296 lt.
449 4251 484 4297 1³.
494 4255 517 4296 ot
529 4253 566 4299 7&
577 4252 614 4297 87.
899 4249 911 4275 ⁰
927 4243 992 4292 cont
1003 4241 1082 4288 lexic.
1094 4241 1124 4287 V.
1134 4241 1160 4288 T.
1173 4239 1225 4287 Vol
1236 4252 1264 4286 ιι.
1276 4253 1298 4298 p.
1311 4239 1393 4284 4422
1404 4235 1482 4296 Glasg.

182 4341 198 4364 ¹¹¹
210 4335 246 4383 So
257 4347 285 4382 u.
296 4335 334 4381 89.
347 4347 385 4381 ιιι.
395 4335 434 4382 83.
557 4360 562 4373 =
900 4335 912 4369 Ρ
928 4328 1000 4376 dead.
1013 4340 1041 4374 ιι.
1056 4331 1076 4374 1.
1088 4329 1110 4374 7.
1162 4359 1165 4366 .

182 4425 192 4450 “
210 4421 289 4481 Lyda,
302 4421 372 4480 1²³9·

213 4523 329 4570 rasere.
346 4523 382 4568 rr.
819 4501 838 4562 2
854 4519 874 4564 o
