3972 5240
438 591 500 658 216
854 585 1204 652 INSCRIPTIONES
1227 583 1416 651 GRAEOAE.
1584 581 1704 671 [mser.
1719 601 1819 646 ccxxx.

440 783 606 889 ἔπαρχον
621 780 803 862 Κιλικίων
818 782 878 859 καὶ
891 783 1126 885 Ποιμφυλων,
1141 777 1306 884 ἔπαρχον
1322 777 1479 881 σπείρας
1493 821 1506 836 ·
1530 821 1544 835 ·
1567 779 1819 880 Βρεταννικῆς,

440 916 641 1021 χιλίαρχον
663 910 812 1018 πρώτης
835 911 994 1015 σπείρας
1011 907 1320 1014 Ἀπολλινορίοο,
1341 908 1507 1013 ἔπαρχον
1531 906 1634 1009 εἴλης
1656 955 1669 968 ·
1691 955 1710 970 -
1724 914 1818 1010 Δαρ-

443 1049 575 1144 δανῶνν
597 1047 762 1151 ἔπαρχον
783 1043 910 1128 ἔθνους
928 1041 1079 1147 πρώτου
1096 1039 1251 1122 Ῥοδίων
1272 1087 1286 1102 ·
1310 1087 1324 1102 ·
1348 1088 1362 1103 ·
1385 1087 1399 1101 ·
1421 1035 1690 1144 συγκλητικόν,
1712 1039 1822 1146 φίλον

443 1179 503 1258 καὶ
514 1176 703 1284 χρήσιμον
713 1172 915 1280 γενόμενον
927 1181 1004 1259 τοῖς
1018 1177 1233 1279 οἰκιστῆρσι
1248 1219 1416 1234 ......
1420 1173 1650 1279 Παμφυλίας
1664 1217 1820 1233 ,,,,,,

741 1492 785 1559 ΛΙ
799 1538 808 1557 .
823 1491 866 1558 Ε.
881 1489 1045 1558 ΝΚΑΙΠ.
1060 1536 1069 1555 .
1087 1535 1097 1555 .
1114 1487 1515 1557 .Λ.ΩΝΕΠΑΡΧΟΝΣ

743 1601 1437 1672 ΡΗΤΑΜΙΚΗΣ.ΧΕΙΛΙΑΡΧΟΝΑΣΓ

740 1713 1452 1784 ΑΠΟΛΛΙΝΑΡΙΑΣΕΠΑΡΧΟΝΕΙΛΗΣ

666 1829 687 1898 5
768 1825 1475 1896 ΡΔΑΝΩΝΕΠΑΡΧΟΝΕΘΝΟΥΣΛΡΟ

871 1936 1371 2008 ΣΥΝΚΛΗΙΚΟΝΦΙΛΟΝΚ

739 2052 889 2122 ΟΝΤΕ.
910 2049 1215 2120 mousom.
1231 2097 1240 2118 .
1255 2097 1264 2116 .
1281 2049 1468 2118 .Ι<ΕΙΔΑΣ

987 2164 1088 2232 ΠΑΜ
1106 2211 1115 2230 .
1137 2210 1146 2229 .
1163 2164 1193 2230 Α
1209 2209 1443 2230 .......

517 2327 662 2402 Titulus
679 2327 718 2398 in
735 2325 910 2398 honorem
927 2323 1115 2421 cujusdam
1139 2323 1203 2421 qui
1227 2323 1292 2422 (de
1314 2322 1452 2398 colonis
1476 2320 1647 2394 Romanis
1673 2322 1712 2394 in
1729 2322 1822 2394 Pom·

443 2449 611 2548 phyliat)
637 2450 729 2521 bene
754 2447 903 2520 meritus
928 2446 1055 2521 fuerat.
1122 2446 1183 2521 Sic
1206 2445 1451 2544 colligendum
1478 2468 1560 2516 reor
1586 2468 1635 2516 ex
1662 2442 1823 2524 clausule.

444 2569 545 2663 atqui
571 2567 718 2639 minime
745 2566 1014 2640 indubitanter.
1082 2565 1331 2640 Praedicontur
1360 2564 1476 2638 officie
1504 2565 1604 2664 (post
1630 2565 1823 2663 eparchium

445 2686 601 2760 Cilicum
619 2697 656 2757 et
673 2683 969 2783 Pamphyliorum
980 2682 1016 2781 ?)
1034 2683 1211 2770 militaria,
1226 2709 1272 2758 sc.
1285 2683 1503 2759 Praefectura
1520 2685 1679 2759 cohortis
1696 2687 1825 2760 Britan·

445 2807 537 2879 nicae
557 2805 725 2900 (decimae
736 2805 784 2903 ?)‚
800 2804 1022 2880 Chilisrchie
1037 2805 1163 2902 primae
1180 2803 1337 2878 cohortis
1355 2805 1824 2902 Apollinariae,P1sesecture

446 2929 511 3000 alae
533 2925 806 3024 (Dardanorum
816 2927 862 3022 1).
912 2927 1099 3002 Claudunt
1116 2926 1244 2999 seriem
1256 2926 1575 3026 Eparchisgentis'
1590 2924 1823 3027 (Lyciorum?

445 3048 570 3146 primoe
587 3047 816 3121 Rhodiorum
826 3047 872 3144 ?)‚
891 3057 928 3120 et
944 3045 1077 3144 gradus
1098 3045 1315 3121 senatorius.

520 3165 751 3262 Descriptum
774 3163 887 3236 habui
904 3162 950 3236 de
967 3161 1170 3260 fragmento
1187 3163 1282 3236 basis
1305 3189 1433 3264 graves
1450 3165 1599 3262 injurias
1616 3191 1722 3264 passo
1734 3165 1826 3264 quod

448 3281 570 3357 sordes
597 3283 685 3381 ipseo
714 3297 751 3356 et
777 3283 915 3356 locunsc
941 3283 980 3354 in
1000 3293 1125 3356 nostro
1152 3283 1358 3381 apographo
1384 3284 1483 3359 houd
1509 3285 1628 3360 minus
1658 3312 1765 3383 quom
1793 3286 1826 3357 in

488 3491 776 3549 rAlterfortossein
794 3491 924 3550 hocloco
937 3494 1119 3569 conspexerit
1169 3509 1254 3552 xtrv.
1277 3497 1321 3556 15.
1338 3515 1381 3572 pr.
1421 3497 1601 3556 Memoretur
1621 3507 1652 3556 et
1664 3499 1827 3574 profecturo

448 3601 620 3648 memoratos
632 3591 734 3648 vicine
754 3592 836 3649 urbis
850 3592 932 3652 Sidae
951 3592 1066 3662 incolas,
1081 3612 1119 3650 sc.
1170 3593 1309 3674 (ἐπαρχία)
1323 3595 1354 3652 in
1369 3597 1477 3655 Concil.
1492 3597 1656 3666 Quinisext.
1670 3619 1698 3676 p.
1710 3598 1791 3664 1197.
1802 3607 1828 3653 et

451 3699 714 3760 ΤΟΙΣΣΙΔΗΤΜΣ,
729 3691 774 3748 vel
789 3691 861 3768 quid
876 3691 976 3749 simile.
1170 3693 1201 3748 in
1211 3693 1305 3750 Notit.
1318 3693 1424 3752 Ecoles
1438 3695 1527 3772 antiq.
1542 3715 1569 3772 p.
1580 3699 1627 3762 47.

488 3789 658 3867 ‘DeLycis
672 3791 761 3848 resin
774 3791 930 3867 propatulo
944 3801 996 3849 est.
1042 3791 1119 3850 Gens
1209 3791 1393 3850 Praetulerim
1420 3811 1497 3862 vero,
1523 3793 1631 3870 quippe
1651 3795 1781 3871 vestigiis
1803 3793 1828 3848 iu

451 3888 542 3964 Lycia
565 3897 742 3946 memoretur
763 3909 780 3946 ο
798 3889 902 3974 Plipio,
929 3909 956 3946 v.
973 3891 1020 3952 27.
1045 3891 1068 3946 l.
1090 3899 1121 3948 et
1169 3907 1311 3946 marmore
1330 3889 1579 3958 accommodatius,
1599 3891 1660 3954 11ης
1680 3890 1831 3967 πρῧτοῬο-

450 3983 512 4050 ἔθος
537 3987 567 4042 in
590 3985 726 4062 pluribus
747 3988 808 4044 titt.
832 3987 1036 4058 Fellowsisnis,
1056 3989 1119 4046 128.
1170 3983 1234 4048 δύο,
1249 4007 1302 4045 nec
1319 3987 1417 4045 minus
1438 3989 1611 4047 autonomiae
1630 3991 1727 4066 gentis
1746 4001 1775 4048 et
1791 4007 1832 4046 su·

457 4087 519 4144 152.
548 4083 612 4144 162.
639 4095 693 4142 etc.
716 4085 794 4161 quod
816 4095 846 4142 et
871 4089 954 4142 Κοῖον
972 4086 1072 4150 Λυκίας
1090 4087 1121 4143 in
1171 4087 1286 4162 perbioe.
1327 4086 1404 4144 Vide
1428 4087 1524 4146 Strcb.
1546 4105 1611 4146 xw.
1626 4091 1654 4146 2.
1671 4109 1700 4166 p.
1721 4092 1783 4154 194.
1803 4087 1831 4144 Τ.

453 4185 542 4242 Inscr.
558 4184 675 4241 Gruter.
697 4201 763 4242 utre
776 4186 803 4242 5.
818 4193 848 4240 et
859 4188 986 4242 Λννοιιὶι
1004 4181 1125 4260 σύντομα
1172 4187 1247 4244 Plirr
1260 4183 1382 4246 v.36.1.
1424 4187 1542 4245 Suetoo
1555 4187 1656 4246 Claud.
1668 4205 1744 4246 xxv.
1778 4187 1832 4245 Lir.

455 4285 486 4341 in
500 4282 596 4342 Streb.
617 4299 682 4340 xiv.
697 4287 723 4342 3.
738 4302 765 4359 p.
779 4285 846 4342 214.
869 4282 902 4339 Τ.
945 4281 1061 4340 Gentem
1074 4301 1123 4358 op-
1174 4301 1257 4344 πων.
1272 4301 1344 4342 xtv.
1386 4286 1473 4344 Num.
1485 4285 1516 4344 in
1527 4285 1646 4345 Eokhel.
1659 4305 1689 4346 11.
1700 4286 1831 4365 posse

454 4381 544 4460 pellet
563 4400 679 4457 quoque
701 4381 811 4452 Livius,
835 4383 886 4458 qui
906 4389 937 4440 et
951 4382 1073 4452 Cariam,
1093 4381 1123 4438 in
