3972 5240
456 581 517 644 218
860 569 1211 640 INSCRIPTIONES
1233 569 1840 661 GRAEOAE.[ntsca.ccxxr1.,ocxx1n.

459 763 656 863 perfectum
678 761 788 836 suerit
804 785 904 859 opus,
922 783 1052 858 nempe
1068 773 1213 835 sectum.
1264 759 1373 835 Certe
1400 783 1433 832 v.
1460 763 1517 834 10.
1546 785 1619 834 non
1642 759 1712 832 nisi
1729 759 1839 832 oculis

461 885 592 959 acriter
615 883 762 955 intentis
787 877 1057 978 deprehendere
1081 879 1184 977 potui
1205 877 1296 952 adeo
1313 893 1355 953 ut
1366 881 1449 976 jure
1468 880 1549 976 quis
1572 879 1767 976 conjecerit
1785 903 1839 951 ve·

460 1026 534 1073 ram
560 1001 714 1096 speciem
737 999 857 1092 fuisse,
881 999 1023 1096 qualem
1047 1000 1086 1072 in
1109 999 1350 1073 monumentis
1368 1000 1546 1074 similibus
1564 1000 1694 1099 saepius
1710 1000 1839 1092 notavi,

463 1125 672 1193 M‘INA‘IA.
730 1119 902 1217 Expressi
919 1143 1006 1192 vcro
1023 1120 1060 1192 in
1078 1119 1185 1193 titulo
1202 1143 1283 1216 quae
1298 1119 1453 1219 lapidem
1468 1120 1704 1195 contrectanti
1720 1145 1839 1192 occur-

463 1243 597 1314 rebant.

534 1359 1552 1446 Immmuminmfflmsmuvmmimmmrmoet
1615 1357 1836 1435 Cmffimmn

462 1505 549 1551 vcro
568 1479 744 1552 Thomam
771 1477 832 1550 hic
856 1491 1094 1552 memoratum
1111 1477 1220 1552 fuisse
1238 1477 1297 1554 vel
1313 1479 1476 1554 Heraclii
1494 1481 1521 1552 I.
1548 1479 1697 1566 affinem,
1715 1481 1837 1553 Dama·

462 1623 607 1672 ocenum
638 1598 877 1671 communiter
903 1598 1131 1696 appellatum,
1158 1599 1221 1694 qui
1254 1611 1402 1697 propter
1434 1600 1725 1696 conjunctionem
1759 1625 1836 1673 cum

461 1718 596 1791 familia
610 1717 774 1792 Caesarea
789 1714 944 1789 Flavius
971 1715 1142 1801 audierat,
1160 1717 1220 1788 vel
1237 1713 1489 1814 Cappadocem
1509 1719 1621 1803 illum,
1640 1717 1755 1790 Leoni
1774 1719 1836 1792 V⁸⁰.

464 1835 781 1922 damnetissimum,
810 1835 873 1931 qui
895 1847 978 1932 post
1000 1835 1134 1908 caedem
1162 1835 1386 1933 imperatoris
1403 1837 1538 1910 bellum
1557 1837 1663 1910 civile
1679 1849 1838 1912 moverat

463 1971 589 2030 contra
605 1958 770 2042 Balbum,
783 1957 943 2052 Asiaque
957 1955 1032 2030 fere
1050 1969 1126 2030 tota
1144 1958 1248 2032 brevi
1270 1958 1388 2033 fuerat
1408 1959 1553 2057 potitus.
1591 1961 1635 2032 In
1651 1958 1721 2032 hoc
1738 1959 1838 2032 vehe-

462 2091 601 2150 menter
621 2075 791 2172 proolivis
820 2101 909 2164 sum,
928 2076 1062 2173 quippe
1080 2087 1222 2174 tempus
1248 2077 1383 2173 optime
1407 2101 1605 2176 congruere
1622 2075 1740 2163 video,
1769 2076 1836 2150 scil.

461 2223 515 2269 an.
538 2199 615 2268 14³¹.
634 2195 756 2269 indict.
774 2197 850 2288 33³,
868 2196 1035 2270 nimirum
1053 2197 1258 2294 proximum
1276 2209 1358 2294 post
1370 2197 1530 2272 Leonem
1547 2197 1716 2282 occisum,
1730 2219 1836 2293 quum

457 2322 532 2414 jam
560 2341 754 2414 purpuram
783 2317 974 2412 sumpsisse
1005 2339 1207 2411 nomenque
1235 2315 1399 2388 Flavium
1426 2339 1492 2412 pro
1518 2315 1732 2412 imperatore
1765 2337 1837 2388 can·

461 2438 593 2512 sendus
611 2450 666 2510 est
684 2436 863 2510 Thomas.
934 2436 1035 2512 Side
1053 2436 1166 2510 altero
1183 2437 1329 2534 cogites,
1341 2433 1484 2534 regredi
1505 2447 1650 2532 oportet
1666 2433 1712 2506 ad
1733 2433 1836 2507 indic-

461 2555 1248 2650 ummewfflmfflmeffl.

537 2677 766 2772 Descriptum
797 2675 907 2747 habui
936 2674 1034 2748 hunc
1061 2675 1206 2749 titulum
1230 2675 1275 2748 de
1302 2673 1503 2774 fragmento
1525 2698 1725 2748 marmoreo
1737 2677 1836 2772 juxta

464 2811 602 2896 portam
620 2819 762 2869 auream
773 2797 906 2869 veteris
923 2796 1047 2893 oppidi
1060 2798 1160 2894 (quae
1176 2797 1215 2870 in
1232 2821 1395 2871 sermone
1408 2798 1591 2872 communi
1601 2810 1708 2897 porto
1721 2797 1835 2872 cunco

350 3011 352 3017 ,
463 2921 794 3007 effertur,aTurcis
813 2921 929 3028 issu?
951 2919 1248 3023 m‚minmorum
1262 2921 1372 2994 illato.
1408 2921 1670 3020 Apographum
1682 2933 1719 2993 et
1729 2920 1836 2994 habeo

462 3071 484 3115 a
501 3041 677 3114 BorreIlio
695 3041 841 3112 missum
860 3041 897 3111 in
914 3064 988 3135 quo
1005 3053 1191 3112 exaratum
1208 3039 1315 3112 video
1332 3065 1364 3113 v.
1377 3041 1410 3113 6.
1425 3045 1610 3114 ΛΑΜΠΟΡ
1626 3053 1692 3112 etc
1711 3052 1748 3114 et
1763 3063 1792 3112 v.
1807 3041 1834 3109 7.

466 3167 592 3234 ΜΗΕ.
614 3211 622 3230 .
641 3162 860 3232 ΝΕΟΘΗΝ.

982 3476 1197 3550 CCXXIII.
1248 3476 1282 3550 h.
1309 3478 1329 3550 i.

463 3716 495 3788 h.
522 3755 535 3767 ·
559 3754 572 3767 ·
595 3700 815 3806 τὴνπόλιν·
840 3750 853 3762 -
877 3749 890 3762 -
914 3747 928 3760 ·
953 3701 1180 3807 -ὀχυρῶσας
1202 3745 1404 3764 ······
1426 3703 1745 3808 ἀσφαλεστέραν.
1763 3747 1775 3760 .
1793 3745 1832 3758 ..

517 3840 644 3945 πάγχυ
664 3842 724 3920 καὶ
743 3837 885 3942 καύχην
904 3835 1107 3941 χρωμάτων
1121 3883 1285 3897 ·····
1308 3839 1522 3939 ἀναπληροῖ
1538 3869 1612 3916 σου
1631 3833 1677 3935 δὴ
1697 3831 1775 3915 τόδε
1796 3828 1835 3910 τὸ

517 3973 627 4076 ἔργον
643 4016 777 4032 ·····
793 3969 943 4077 ψεκάδι,
963 3967 1036 4049 σὺν
1055 3972 1115 4049 καὶ
1135 3968 1296 4076 τετάρτῳ
1315 3969 1481 4075 χρώματι
1498 4011 1834 4030 ············

502 4257 510 4288 ¹
529 4251 604 4308 Vide
613 4249 789 4308 uerterunt
800 4269 878 4326 supr.
890 4251 944 4308 vol.
957 4268 1018 4308 vna
1028 4269 1054 4327 p.
1064 4251 1130 4308 238.
1221 4255 1234 4285 ¹¹
1251 4247 1341 4306 Eckh.
1353 4248 1404 4306 ubi
1414 4265 1491 4324 supr.
1506 4267 1533 4325 p.
1548 4251 1614 4306 222.

461 4363 490 4410 et
505 4350 624 4410 Cedren.
641 4351 670 4405 in
681 4347 767 4406 Mich.
