3952 5238
426 569 488 636 350
972 567 1262 635 AUCTARIUM.
1451 567 1572 656 [iresca.
1586 587 1697 645 cxxv,
1708 587 1806 632 cxxx.

488 755 518 819 6.
543 759 683 844 Θρόνον,
700 755 789 820 aedile
803 751 973 839 oupuatum,
992 752 1109 819 aelium.
1153 752 1292 820 Donaria
1316 753 1458 840 quaedam
1482 754 1535 821 bic
1555 767 1729 822 memorata
1745 777 1808 819 cre-

424 862 568 928 diderim.
613 859 755 926 Pertinet
771 859 890 946 θρόνος
904 858 939 924 in
957 881 1072 948 genere
1089 858 1248 926 adomnia
1266 859 1406 936 numina,
1422 859 1478 925 sed
1496 859 1709 947 praestantiore
1723 881 1809 924 sensu

425 969 465 1034 nd
475 969 497 1034 J
499 989 591 1034 ovem
604 993 613 1046 3
635 967 711 1032 hinc
727 964 926 1044 Suetonius',
941 989 983 1032 ex
997 965 1133 1052 quodam
1148 964 1321 1053 incognito,
1338 967 1431 1052 fuyt't
1443 977 1470 1033 ct
1483 976 1606 1030 curatos
1615 963 1739 1053 Jupiter
1751 966 1810 1052 ipae

426 1071 556 1136 thronos.
613 1069 668 1136 Sic
687 1082 719 1134 et
738 1067 887 1148 Plinius¹,
908 1067 948 1134 <ie
971 1069 1094 1157 pictura
1113 1069 1276 1136 Zeuxidia,
1327 1068 1479 1136 Notatum
1496 1069 1591 1136 video
1611 1071 1651 1136 ab
1672 1068 1808 1146 Albrico,

424 1177 446 1242 J
448 1199 540 1242 ovem
551 1175 642 1264 pingi
657 1174 783 1240 solitum
797 1173 831 1239 in
842 1173 955 1240 throno
964 1175 1111 1254 eburneo,
1122 1190 1191 1252 etc,
1206 1176 1240 1240 in
1254 1176 1336 1242 libro
1347 1176 1387 1242 de
1398 1175 1589 1264 imaginibus
1605 1176 1756 1242 deommr.

490 1281 667 1348 Exstiterat
685 1279 812 1346 fortasse
829 1279 864 1344 in
882 1279 943 1345 hoc
954 1280 1017 1346 situ
1030 1281 1185 1370 templum
1205 1281 1299 1348 alicui
1322 1281 1382 1348 dec
1403 1295 1566 1359 sacratam,
1581 1281 1604 1347 J
1605 1281 1658 1346 ovi
1678 1280 1748 1370 ipsi,
1762 1279 1809 1346 vel

424 1386 481 1452 uni
504 1409 613 1452 eorum
636 1407 770 1471 quorum
793 1383 924 1472 effigies·
946 1384 980 1450 in
1005 1385 1142 1451 nummis
1173 1385 1310 1452 civitatis
1338 1399 1498 1474 apparent,
1524 1384 1700 1471 dequibus
1725 1385 1809 1451 adeas

425 1487 627 1556 Eokhelium.
671 1486 832 1577 Dionysus
846 1503 930 1554 certe
956 1487 992 1554 in
1016 1487 1066 1554 his
1090 1511 1156 1554 non
1178 1502 1379 1566 memoratur,
1395 1489 1450 1555 sed
1470 1513 1630 1556 racemum
1645 1488 1807 1577 (βότρυν),

424 1594 527 1662 cultus
542 1595 609 1682 ejus
620 1593 753 1683 insigne,
768 1594 892 1661 videm:
913 1617 1007 1684 porro
1018 1595 1172 1684 cophinus
1187 1595 1221 1660 in
1237 1596 1332 1662 titulo
1347 1595 1415 1684 ipso
1430 1609 1497 1663 erat
1510 1619 1553 1662 ex
1567 1619 1700 1662 numero
1714 1597 1804 1663 dona·

425 1702 543 1768 riorum
559 1725 628 1789 quae
643 1703 770 1768 Baccho
785 1701 896 1768 offerre
911 1715 1101 1769 consuerunt
1115 1701 1287 1769 vinitoresi.

488 1807 529 1873 lu
543 1831 665 1874 summa
679 1807 868 1895 conjecerim
882 1831 939 1874 nos
954 1809 1120 1876 delubrum
1132 1809 1361 1897 Dionysiacum
1375 1807 1428 1875 hic
1440 1805 1629 1896 conspicere,
1638 1819 1671 1871 et
1678 1811 1806 1892 τέμενος,

425 1913 511 2000 quod
533 1913 568 1980 in
593 1926 731 1980 cxavn.e
745 1913 873 1980 videtin
894 1915 1059 1992 nominari,
1075 1927 1184 1998 κῆπος,
1205 1915 1310 1982 hortus
1324 1915 1449 1982 Bocchi.
1494 1912 1608 1982 Loculi
1625 1913 1743 1999 (θόκω)
1757 1912 1805 1998 qui

424 2045 498 2088 oum
513 2033 615 2088 cetera
638 2019 832 2111 supellectile
846 2041 933 2086 sacra
946 2043 965 2086 a
979 2019 1049 2086 cive
1062 2019 1180 2108 insigni
1203 2033 1318 2108 paratae
1333 2018 1481 2088 (licuntur
1499 2017 1669 2108 proderant
1688 2017 1807 2090 toruae

423 2127 458 2191 in
472 2124 660 2214 recipiendis
674 2123 826 2192 thesauris
840 2124 944 2192 sacris.
990 2125 1043 2191 De
1054 2124 1279 2214 sepulcralibus
1294 2124 1363 2214 quia
1377 2123 1412 2190 in
1426 2124 1482 2190 tali
1496 2123 1559 2192 situ
1573 2122 1784 2214 cogitaverit?

489 2231 584 2312 Quod
599 2229 725 2296 additur
740 2229 821 2313 (sine
836 2229 933 2296 dubio
948 2231 1075 2316 μόνος),
1091 2229 1309 2318 expediverim
1324 2253 1367 2295 ex
1381 2228 1451 2295 loco
1469 2228 1590 2296 Albrici
1605 2253 1697 2318 supra
1712 2229 1805 2304 allato,

424 2335 480 2403 ubi
501 2334 636 2401 traditur
658 2331 851 2400 consuetudo
866 2347 1008 2422 sumptus
1033 2333 1068 2400 iu
1092 2333 1274 2421 hujusmodi
1289 2334 1425 2402 donariis
1440 2337 1632 2404 confercndi.
1676 2337 1807 2404 Hlustrat

425 2443 487 2508 hoc
503 2441 566 2507 titt.
577 2463 661 2528 supr.
673 2459 789 2506 amn.
803 2459 894 2504 tx1x.

1046 2591 1192 2658 CXXX.

490 2729 519 2793 1.
542 2726 662 2813 Βορέα.
707 2724 825 2790 Tribus
838 2737 1036 2802 memoratur,
1052 2748 1116 2790 una
1141 2749 1183 2792 ex
1202 2725 1334 2804 rusticis,
1354 2749 1423 2816 quaa
1447 2726 1689 2816 appellationem
1703 2727 1806 2796 habuit

424 2855 466 2898 ex
483 2844 579 2920 gente
605 2830 746 2917 ejusdem
769 2829 934 2895 nominisi.
978 2829 1113 2907 Deinde,
1137 2831 1171 2896 in
1186 2855 1218 2896 v.
1237 2835 1279 2910 2.,
1299 2832 1411 2899 Gutus
1424 2832 1582 2899 Proetoria
1597 2833 1804 2912 Mamaea,

425 2961 496 3025 quae
511 2937 552 3004 ad
565 2935 697 3004 tutelam
712 2935 805 3002 maris
819 2935 924 3016 inferi,
939 2948 976 3001 ut
992 2935 1234 3015 Rauennatium,
1250 2938 1364 3026 superi,
1380 2938 1531 3006 collocata
1544 2951 1592 3006 cst
1606 2941 1645 3006 ab
1656 2939 1804 3029 Augusm

424 3049 584 3116 Proeton'oe
603 3045 849 3134 appellabantur,
868 3043 905 3110 in
927 3043 1036 3134 primis
1060 3045 1134 3131 quia
1156 3043 1239 3110 inter
1253 3059 1370 3111 ceteras
1393 3045 1582 3124 eminebant,
1605 3059 1642 3112 ut
1661 3048 1805 3135 pretoria

424 3156 507 3221 inter
528 3175 649 3221 naves:
673 3149 798 3226 deinde,
816 3149 914 3215 instar
936 3145 1114 3214 cohortium
1138 3146 1363 3236 praetoriarum,
1386 3148 1556 3214 tuebantur
1579 3147 1756 3238 Principem
1769 3161 1805 3234 ⁴et

426 3261 561 3328 ltaliam.

457 3431 695 3494 *mangonum
1143 3429 1537 3492 mamutimprmpaaeb
1561 3425 1803 3488 amomacum&

455 3521 468 3548 ¹
486 3516 548 3564 Libr.
560 3528 638 3564 xxxv.
651 3517 689 3564 at.
699 3517 722 3562 t
1142 3530 1236 3566 cccvu.
1249 3518 1271 3565 5.

457 3600 575 3661 ’cut
1174 3597 1535 3650 mmmmm-amur.
1559 3593 1803 3656 campumt.

456 3685 521 3735 'Sc-
533 3683 720 3744 Solibl’flllldss»
730 3683 822 3732 Diw
841 3683 966 3731 Dim-¹11³-
979 3682 1091 3742 ubiflupr·
1143 3687 1220 3736 Piliae
1232 3687 1352 3746 ubi-supr.
1364 3699 1382 3733 r.
1397 3685 1483 3745 pleb.
1499 3683 1540 3730 ubi
1554 3681 1717 3742 ataxpiicumr
1730 3676 1803 3740 amal·

424 3772 498 3832 pue.
1143 3771 1327 3832 latioproeton'c.
1352 3767 1774 3828 uomatimuipumtapteaa

455 3861 466 3890 ⁸
483 3855 542 3904 Ibit
553 3869 576 3916 p.
586 3856 655 3904 tib.
1175 3857 1211 3904 Da
1223 3856 1340 3905 Selinunte
1347 3855 1401 3902 ride
1412 3853 1508 3902 Ptolem.
1525 3865 1550 3900 v.
1563 3854 1585 3900 8.
1609 3852 1679 3900 Dion.
1688 3863 1756 3899 mx.
1767 3848 1803 3896 8⁸.

455 3939 548 3990 leont
567 3941 674 3988 Philocte.
694 3940 720 3986 iu
735 3940 776 3986 vit
792 3938 898 4000 Apollom
913 3939 951 3986 cit
970 3938 995 3984 iu
1012 3937 1093 3986 Pitiaci
1142 3943 1203 3991 Plin.
1214 3955 1239 3988 v.
1253 3944 1291 3990 22.
1311 3943 1332 3989 2.
1353 3940 1415 3987 dicta
1432 3952 1521 4000 quoque
1538 3935 1703 3998 'ihajancpolia
1733 3929 1804 3982 navt

424 4026 503 4075 iaxta
513 4039 530 4072 1.
542 4039 564 4085 p.
575 4027 629 4074 ott.
642 4039 663 4073 a.
1142 4027 1283 4088 cognominis
1313 4024 1418 4072 meminit
1443 4023 1534 4079 sunto,
1557 4021 1597 4069 ubi
1623 4033 1684 4080 supr.
1710 4033 1732 4080 {a
1752 4015 1802 4064 m

455 4111 511 4158 ‘In
530 4112 574 4158 hoc
590 4112 678 4172 conjeci
697 4108 794 4170 Κήπου
812 4108 933 4167 ἔσοπτος,
953 4123 984 4156 sc.
1002 4107 1090 4166 τόπος.
1142 4111 1216 4170 Regio
1236 4115 1286 4157 erat
1309 4107 1422 4166 balanitis,
1442 4105 1479 4153 vel
1506 4111 1534 4153 ut
1553 4105 1643 4165 scripdt
1666 4103 1801 4157 Paolum

422 4196 483 4244 Vide
494 4195 603 4244 Herodot-
613 4210 640 4245 ιι.
655 4199 708 4245 138.
719 4193 777 4260 ἱρὸν
789 4192 911 4245 ἔσοπτον.
934 4194 1000 4242 Nihil
1011 4194 1092 4242 melius
1144 4195 1247 4253 Seleuffl,
1271 4209 1303 4242 ox
1324 4193 1368 4240 bac
1390 4192 1446 4239 urbs
1467 4191 1627 4239 denominata:
1654 4191 1708 4238 hinc
1727 4197 1803 4236 acm

422 4282 504 4330 hebo&
1142 4281 1264 4328 ‘ibidem
1275 4279 1398 4327 cadumum
1409 4277 1513 4326 mbiuur.

455 4365 467 4400 ⁶
482 4366 544 4414 Vitia
554 4365 637 4416 Asccn
656 4367 681 4414 iu
690 4365 737 4416 cic
750 4365 815 4415 Orat
827 4378 869 4425 pro
885 4365 912 4414 0.
923 4364 1012 4416 Cornu
1032 4370 1092 4412 extr.
