3992 5240
414 566 476 628 152
821 553 1172 623 INSCRIPTIONES
1195 553 1386 621 GRAEGAE.
1448 553 1681 642 [ruscincnxx.¹
1694 570 1803 618 cnxxr.

415 750 556 824 midoro
572 748 780 822 Aziotteno.
832 746 1071 819 Asservatum
1089 756 1144 818 est
1160 744 1199 818 in
1215 743 1297 817 vico
1311 741 1469 816 Turcico
1486 739 1664 839 Grudldtz
1675 767 1697 815 a
1709 742 1806 814 Kula

416 870 571 942 distante
595 868 738 941 circiter
764 879 919 962 quatuor
934 867 1047 941 millia
1063 891 1234 964 passuum
1257 865 1539 962 septentrionem
1552 888 1689 938 versus.
1740 864 1808 937 Re

416 991 538 1086 liquiae
556 989 609 1062 ibi
626 1001 824 1062 eemuntur
841 989 941 1062 urbis
955 989 1113 1086 antiquae
1130 1013 1179 1062 ex
1196 989 1363 1062 Maeoniis
1380 987 1426 1061 ad
1442 988 1557 1084 ripam
1574 987 1715 1060 Hermi.

492 1112 653 1184 AEtatem
676 1108 861 1196 habemus,
891 1133 1021 1206 nempe
1043 1135 1092 1182 ex
1113 1121 1284 1206 computo
1309 1107 1484 1183 hactenus
1506 1107 1681 1193 institute,
1701 1108 1746 1183 U.
1761 1105 1802 1181 C.

418 1231 500 1301 930.
528 1228 567 1300 P.
581 1225 623 1300 C.
645 1228 725 1298 177.
743 1237 915 1323 regnante
933 1227 1059 1298 Marco
1078 1226 1242 1299 Aurelio.

492 1343 618 1418 Edidit
645 1342 844 1419 Buekhius¹¹
875 1343 914 1416 in
939 1343 1068 1416 litteris
1102 1343 1313 1417 minusculis
1347 1369 1396 1417 ex
1429 1369 1538 1442 opere
1568 1345 1805 1444 Keppeliano⁰

418 1490 501 1539 cum
518 1464 683 1538 versibus
699 1464 818 1537 minus
835 1475 932 1537 recte
951 1463 1133 1537 ordinatis.
1187 1465 1231 1537 In
1248 1489 1281 1537 v.
1297 1467 1329 1538 2.
1356 1465 1543 1565 (numeros
1569 1489 1667 1562 pono
1685 1491 1806 1541 secun·

417 1591 504 1663 dum
522 1589 703 1686 exscripta
718 1589 816 1685 mea)
835 1589 968 1661 absunt
983 1589 1186 1662 numerales
1205 1595 1262 1663 81.
1318 1591 1413 1664 1114.
1437 1603 1621 1690 comparet
1642 1578 1804 1690 Ἀρτεμί-

418 1710 535 1810 δωρος
556 1737 599 1786 ac
626 1713 657 1786 ai
679 1737 811 1786 nomen
828 1709 1029 1786 dedicantis
1046 1712 1166 1786 suerit.
1220 1715 1316 1787 Dein
1332 1715 1529 1790 intervenit
1545 1717 1675 1792 lacuna
1690 1745 1806 1816 usque

416 1839 463 1914 ad
482 1845 645 1914 ΒΕΡΙΟΥ
661 1840 698 1912 in
716 1865 749 1912 v.
767 1841 799 1912 6.
818 1839 919 1935 quod
936 1839 1115 1936 expressit
1131 1837 1212 1912 ud
1232 1832 1370 1935 θερίου,
1386 1838 1456 1915 hoc
1484 1855 1539 1916 est
1554 1831 1806 1940 Ἐλευθερίου.

417 1960 496 2034 Vix
513 1959 682 2033 nimirum
700 1961 805 2034 aliter
820 1961 956 2034 licebat
974 1961 1209 2058 Keppelianis
1225 1959 1301 2034 fis0.

999 2239 1175 2314 CLXXI.
1202 2241 1235 2312 b.

879 2456 1042 2528 ετογῑ
1056 2417 1340 2531 astiaxa

877 2553 1330 2640 ΔικογοῑῑοπΑπιΑΣ

878 2677 1275 2748 fructetorum

878 2787 1012 2858 ΑΛΛΑ
1021 2835 1254 2857 .......

410 2933 427 2964 ιι
595 2935 604 2965 r
715 2939 753 2968 s.
776 2943 809 2976 1.,
943 2951 959 2968 .
1202 2941 1212 2969 ι
1343 2937 1354 2968 t
1492 2941 1502 2965 e
1541 2936 1551 2967 i
1604 2941 1614 2966 e
1711 2949 1728 2966 ι.
1797 2943 1809 2971 a

429 2945 547 3025 Erovs
567 2977 596 3022 σ
607 3001 618 3038 ,
637 2977 753 3041 pavos
772 2947 960 3029 ιανδικου
980 2936 1043 3039 ιβ.
1103 2945 1252 3026 llantur
1272 2945 1469 3025 l'ltvxuver
1484 2973 1577 3044 υπερ
1596 2975 1729 3021 εαυτου
1748 2976 1811 3021 και

867 3081 940 3156 τῶν
958 3073 1096 3155 τέκνων
1115 3073 1303 3174 ἀνέθηκεν.

494 3243 640 3317 Tittdus
657 3243 859 3343 descriptus
877 3244 922 3318 de
940 3269 1118 3320 marmore
1139 3243 1333 3344 (fragmine
1351 3243 1484 3316 tabulae
1500 3243 1561 3316 vel
1576 3241 1665 3341 arae)
1684 3243 1810 3317 votivo

418 3363 606 3460 cujusdam
636 3367 758 3464 Papiae
786 3366 865 3466 (vel
893 3366 1028 3463 Tatiae)
1059 3365 1126 3440 filii
1160 3365 1348 3466 Glykonis.
1399 3365 1554 3440 Mutilus
1579 3380 1633 3442 est
1659 3368 1699 3441 in
1724 3367 1808 3454 fine,

418 3507 527 3578 quem
544 3485 709 3582 supplevi
722 3510 788 3583 pro
804 3486 946 3560 monitu
962 3486 1059 3560 tituli
1074 3487 1279 3585 praeeuntis.
1332 3483 1537 3584 Praefigitur
1552 3497 1694 3585 tempus
1710 3487 1812 3563 dedi-

417 3603 577 3691 cationis,
605 3630 652 3679 sc.
680 3631 734 3680 an.
760 3609 842 3682 200.
872 3633 984 3682 mens.
1013 3623 1104 3683 sext
1132 3609 1203 3682 hoe
1226 3621 1291 3695 est,
1318 3633 1385 3706 pro
1414 3620 1585 3706 computo
1614 3607 1810 3700 Leukiano,

418 3727 464 3802 U.
484 3724 525 3800 O.
545 3729 629 3800 923.
680 3729 719 3803 P.
737 3728 823 3804 Chr.
845 3733 890 3804 17
893 3735 926 3805 0.
944 3745 1118 3830 regnante
1134 3733 1186 3805 M
1200 3731 1364 3804 Aurelio,

494 3845 621 3921 Edidit
646 3848 847 3924 Buckhiuu
866 3851 1066 3926 secundum
1097 3851 1337 3949 Keppelianaq
1367 3847 1406 3922 in
1431 3848 1562 3922 litteris
1587 3848 1812 3926 minusculis

419 3973 543 4047 Habet
559 3999 592 4046 v.
608 3973 641 4047 d
658 3967 797 4052 Tarc'ar
815 3975 854 4052 in
872 4001 904 4050 v.
919 3979 952 4050 2.
1003 3977 1155 4052 Absunt
1181 4001 1263 4073 quae
1286 3973 1373 4049 dedi
1398 3983 1481 4072 post
1498 3979 1525 4046 Γ
1524 3978 1757 4050 ΛΥΚΩΝΟΣ
1772 3977 1814 4052 in

462 4245 475 4273 ¹³
490 4237 556 4295 Vol.
570 4255 600 4296 n.
614 4257 641 4314 p.
652 4240 718 4296 810.
729 4255 757 4294 n.
767 4239 853 4296 3448.
1180 4237 1192 4268 ⁹
1206 4237 1272 4297 Vol.
1284 4255 1315 4296 11.
1327 4257 1356 4315 p.
1368 4240 1435 4304 809.
1446 4257 1475 4294 n.
1487 4235 1572 4302 3447.

461 4343 475 4372 ·
489 4335 559 4394 ltin.
570 4335 627 4394 vol.
636 4351 667 4394 11.
681 4355 709 4413 p.
720 4333 787 4400 357.
801 4355 830 4394 n.
842 4339 866 4394 1.
1181 4341 1195 4380 ²
1211 4337 1278 4396 Vol.
1288 4355 1318 4396 u
1332 4357 1359 4415 p.
1371 4339 1439 4399 368.
1451 4341 1517 4396 n.2
