3952 5238
451 565 512 630 276
999 557 1291 629 AUCTARIUM.
1624 557 1839 646 [maenam.
1952 629 1953 654 i

449 750 543 816 Certe
558 749 625 814 haec
637 759 824 837 congruunt,
836 759 869 814 et
883 746 994 813 titulus
1008 744 1175 824 Caesareus,
1185 758 1219 812 et
1231 744 1340 810 odium
1354 744 1389 809 in
1400 767 1464 830 quo
1474 743 1602 810 habitus
1615 757 1663 808 est
1677 744 1718 808 ob
1733 767 1839 818 mores,

448 855 502 933 sed
527 869 678 942 tempora,
704 877 817 941 nempe
841 853 878 918 P.
897 853 934 918 (l.
963 851 1133 930 351-354„
1155 873 1219 916 non
1239 848 1386 914 arrident.
1441 847 1694 936 Inscriptionem‚
1717 863 1757 914 ut
1776 847 1839 913 dixi

447 981 549 1045 supra,
565 955 659 1044 paulo
673 955 878 1020 recentiorem
895 952 1029 1040 judico;
1051 952 1184 1041 proinde
1206 951 1241 1016 in
1255 951 1377 1018 tuliani
1400 975 1516 1018 nomen
1538 951 1639 1040 magis
1658 953 1834 1041 propendeo

449 1063 503 1149 qui
519 1063 553 1128 in
567 1063 673 1128 locum
687 1061 790 1127 fratris
804 1061 894 1129 brevi
909 1075 979 1150 post
998 1060 1161 1128 interitum
1176 1060 1254 1147 ejus,
1276 1083 1391 1148 nempe
1405 1073 1543 1127 exeunte
1558 1081 1641 1125 anno
1656 1060 1692 1125 P.
1706 1059 1745 1126 C.
1763 1061 1838 1136 sot,

449 1166 597 1232 suffactus
617 1175 687 1231 est‘.

514 1271 620 1337 Retuli
636 1271 669 1336 in
684 1283 756 1336 ante
773 1269 865 1336 dictis
880 1269 1009 1334 titulum
1029 1268 1070 1336 ad
1093 1292 1142 1334 an.
1165 1271 1236 1336 360.
1253 1294 1351 1358 quum
1366 1271 1486 1338 bellum
1500 1295 1574 1338 eum
1586 1273 1681 1340 Persa
1694 1274 1837 1342 instaura

449 1392 545 1456 retur,
565 1376 726 1464 probabile
738 1391 823 1442 ratus
838 1377 924 1464 quod
936 1376 997 1442 hoe
1011 1377 1184 1464 praesertim
1199 1393 1340 1467 tempore
1354 1379 1552 1447 munimenta
1560 1405 1706 1468 arcesque
1717 1383 1838 1450 orientis

449 1497 558 1548 contra
571 1484 773 1548 barbarorum
788 1482 924 1570 impetus
939 1505 1034 1570 quam
1058 1482 1297 1572 diligentissime
1313 1485 1547 1566 reficerentur&
1569 1488 1738 1576 respiciens
1752 1513 1836 1577 porro

449 1613 556 1678 preces
573 1613 631 1676 pro
656 1587 754 1654 salute
778 1601 811 1653 et
832 1587 964 1654 victoria
987 1588 1228 1675 Imperatorum,
1248 1613 1325 1676 quas
1343 1591 1558 1658 occasionibus
1575 1617 1684 1659 eorum
1704 1596 1836 1661 mammo

450 1694 697 1762 accommodatas
712 1717 805 1760 nemo
818 1693 989 1782 negaverit.
1036 1693 1071 1759 Si
1086 1693 1156 1780 quis
1170 1719 1245 1764 vero
1257 1695 1470 1783 expeditionis
1483 1696 1605 1764 Juliani
1619 1697 1717 1786 ipsius
1737 1715 1837 1766 eontm

450 1800 646 1866 Alamannos
661 1799 780 1868 Gallias
794 1815 947 1866 vexantes
972 1799 1124 1866 rationem
1144 1801 1244 1890 magis
1260 1801 1383 1879 habeat,
1401 1826 1466 1868 non
1484 1802 1687 1870 vehementer
1700 1805 1835 1881 reclamo,

450 1931 548 1993 quum
573 1907 606 1971 in
630 1906 691 1972 hoe
715 1929 797 1972 anno
814 1919 847 1972 et
868 1907 1051 1994 Augustum
1078 1905 1181 1993 ipsum
1199 1905 1447 1994 triumphantem
1467 1907 1577 1973 Romae
1597 1909 1637 1974 de
1656 1909 1834 2000 Magnentio

450 2013 585 2092 videam,
597 2027 630 2079 et
640 2011 770 2078 Caesaris
785 2010 949 2078 victoriam
964 2010 1004 2077 de
1017 2011 1251 2077 Chnodomerio
1265 2011 1418 2098 sociisque
1433 2015 1641 2100 reportatam.

513 2120 633 2186 Julisni
654 2119 814 2184 histrionis
825 2133 858 2186 et
875 2118 1004 2184 nomina
1024 2131 1058 2184 et
1076 2118 1184 2184 titulos
1204 2118 1331 2205 periisse
1346 2141 1389 2184 ex
1403 2119 1509 2206 lapide
1525 2119 1646 2208 scalpro
1663 2122 1774 2188 adacto
1791 2121 1834 2186 rel

447 2227 565 2314 speeies
579 2227 647 2314 ipsa
661 2225 821 2313 prodebat.
866 2224 1019 2310 Injuriam
1034 2224 1148 2290 factam
1164 2223 1300 2290 dixerim
1324 2225 1364 2291 ab
1383 2224 1524 2313 Augusti
1547 2224 1720 2293 fautoribus
1744 2251 1833 2314 quum

448 2335 586 2421 primum
602 2333 704 2398 aliena
713 2333 787 2418 jura
801 2347 833 2398 et
843 2332 973 2398 titulum
987 2331 1278 2410 eminentissimum,
1294 2332 1433 2398 militum
1447 2332 1569 2421 plausu,
1584 2333 1749 2401 invaderet
1762 2334 1835 2402 Juli-

447 2465 534 2518 anus,
550 2441 612 2506 hoe
626 2453 683 2518 eet,
698 2440 828 2504 ineunte
844 2463 926 2504 anno
942 2439 979 2506 P.
989 2438 1026 2504 C.
1044 2439 1131 2504 360¹.
1176 2436 1373 2526 Cogitabunt
1391 2437 1445 2503 alii
1466 2437 1594 2504 sortasse
1609 2439 1649 2504 de
1673 2465 1756 2508 anno
1772 2441 1833 2507 363.

448 2546 585 2612 Joviano
605 2544 772 2632 imperium
796 2543 910 2634 adepto
938 2557 970 2610 et
994 2543 1117 2608 nomini
1133 2542 1313 2610 Christiano
1331 2567 1386 2631 spe
1408 2543 1576 2622 restituta¹;
1597 2545 1696 2611 immo
1716 2547 1833 2633 quidam

447 2653 486 2717 dc
511 2675 579 2716 aevo
594 2649 826 2726 Theodosiane.
843 2664 918 2716 noto
939 2649 1025 2736 quod
1044 2672 1178 2738 magnus
1201 2648 1256 2716 ille
1270 2649 1322 2714 vel
1336 2673 1481 2716 nummos
1506 2649 1708 2716 simulacrum
1723 2653 1833 2718 Juliani

448 2757 654 2846 praeferentes‚
670 2781 710 2822 ne
725 2756 876 2822 memoria
889 2765 945 2826 τοῦ
959 2757 1150 2846 παραβᾶτου
1165 2770 1349 2836 servaretur,
1365 2756 1493 2824 conflari
1503 2759 1629 2845 justice.

515 2866 542 2926 t.
561 2864 671 2948 Ἔρως
697 2861 872 2940 Μονάξιος.
927 2862 1027 2928 Recte
1053 2861 1291 2950 distinguuntur
1313 2863 1450 2930 nomina.
1495 2863 1582 2929 Vide
1597 2864 1781 2932 Ciceronem
1804 2868 1833 2930 in

449 2970 576 3057 Epioe,
592 2969 797 3036 Plutarchum
817 2969 851 3034 in
867 2969 1034 3048 Antonio⁰‚
1049 2983 1082 3036 et
1096 2970 1225 3034 titulum
1241 2969 1491 3058 Borghesianum
1511 2967 1663 3036 aPitisco
1686 2972 1832 3038 citatum.

449 3078 534 3143 Dein
557 3077 729 3144 Menenius
753 3077 882 3163 quidam
907 3102 979 3144 eum
995 3078 1124 3144 Plintha
1146 3078 1342 3144 consulatum
1367 3077 1471 3166 gessit,
1497 3093 1648 3166 regnante
1674 3077 1832 3154 Honorio*¹

449 3199 481 3248 ct
504 3183 626 3250 notavit
645 3183 818 3249 Biielrhius¹
843 3183 901 3268 (ex
925 3183 1098 3266 Franekio)
1123 3183 1314 3250 Monaxium
1340 3183 1521 3272 praefectum
1547 3184 1618 3250 urbi
1643 3184 1677 3249 in
1703 3199 1832 3272 tempore

450 3293 622 3358 Theodosii
638 3292 777 3358 secundi.
822 3292 925 3358 [idem
940 3315 1054 3381 nempe
1068 3293 1166 3358 suere.

514 3397 596 3464 Ibid.
618 3397 774 3484 Ἡγεμών.
819 3395 858 3460 In
873 3395 1099 3484 disceptatione
1123 3395 1233 3460 suade
1249 3417 1327 3460 voce
1341 3407 1426 3460 recte
1444 3393 1554 3458 statuit
1568 3392 1743 3458 Eehhelius
1760 3415 1833 3480 pre

448 3508 542 3570 eden
558 3503 770 3570 Romanorum
782 3517 815 3568 et
829 3505 969 3590 ἡγεμόνα
985 3502 1168 3568 Graeeorum
1182 3499 1333 3566 latissimo
1347 3523 1439 3566 sensu
1453 3499 1597 3588 usurpari
1608 3498 1731 3576 solitos;
1745 3499 1832 3562 immo

483 3777 494 3810 ¹
510 3769 570 3816 Vide
581 3769 667 3817 Sourat-
681 3768 720 3816 nbi
731 3782 792 3829 supr.
806 3781 827 3828 p
840 3768 893 3814 165.
906 3780 928 3813 c.
952 3765 1120 3812 immimxv.
1205 3769 1222 3794 ¹³
1234 3763 1307 3810 Eckla
1328 3763 1382 3812 ibid
1405 3778 1427 3823 p.
1446 3765 1499 3812 127.
1522 3777 1553 3810 ax
1570 3763 1683 3812 Bmdurii
1700 3767 1752 3824 imp.
1761 3765 1832 3811 orimt

451 3859 472 3902 8.
492 3853 586 3902 Eclrhel.
599 3855 638 3901 ubi
649 3867 712 3914 supr.
724 3867 746 3912 p
756 3855 809 3900 127.
822 3865 843 3899 a
1173 3863 1194 3910 p.
1208 3853 1246 3897 95.

482 3938 493 3972 ¹¹
511 3941 577 3990 Cous.
589 3940 652 3987 Acti
664 3939 736 3986 dead
748 3939 805 3998 Rag-
816 3937 912 3984 Hibero.
924 3937 962 3984 cit
974 3950 1036 3996 supr.
1206 3940 1217 3965 ³
1234 3934 1273 3980 Ad
1283 3933 1354 3981 Attio.
1366 3947 1403 3980 vr.
1415 3938 1435 3980 1.
1448 3947 1473 3981 x.
1484 3937 1520 3982 15.
1533 3933 1593 4002 stul

483 4021 488 4052 ¹
511 4023 571 4069 Vide
585 4021 702 4068 Ammian.
719 4033 772 4066 xva
789 4021 824 4067 12.
849 4019 943 4066 Eckhel
956 4031 1014 4066 vua
1035 4021 1087 4066 115.
1101 4032 1122 4064 a
1207 4025 1218 4050 ⁰
1234 4019 1290 4078 Cap
1303 4031 1392 4066 txxvr.

451 4109 598 4156 15511357.
1206 4103 1313 4150 Plexic
1322 4103 1418 4164 Antiqq.
1430 4116 1448 4150 1.
1459 4103 1575 4164 poili-b

482 4191 493 4226 ¹¹
511 4193 627 4240 Ammian.
637 4205 682 4238 xx.
691 4193 712 4238 4.
732 4190 812 4238 utin
821 4189 885 4238 Orat
895 4203 942 4237 xu.
962 4189 1055 4236 Eckhcl.
1064 4201 1121 4236 vm.
1204 4195 1216 4229 t
1233 4187 1295 4235 Hiat-
1307 4188 1379 4248 antiq.
1391 4188 1455 4234 univ.
1467 4187 1513 4234 rol.
1522 4200 1577 4236 xvr.
1598 4203 1620 4248 p
1634 4192 1689 4237 200.
1706 4205 1738 4250 cp
1753 4189 1830 4238 Sonat

451 4293 471 4337 p.
488 4279 540 4324 128.
553 4277 575 4322 5.
587 4289 619 4321 cx
627 4272 780 4320 ‘lillemontio
1174 4273 1236 4320 Hira
1249 4271 1311 4319 licei
1323 4285 1348 4318 v.
1358 4274 1397 4320 25.
1406 4286 1428 4332 p
1438 4273 1493 4320 292.
1505 4273 1534 4320 A.

484 4361 488 4392 Ι
512 4361 584 4407 Eekh
597 4359 637 4406 ubi
647 4372 708 4418 supr.
717 4371 755 4418 pp
766 4359 819 4404 lta.
832 4360 883 4404 147.
1206 4363 1215 4388 ¹
1231 4357 1291 4406 Vide
1301 4364 1347 4404 not.
1360 4357 1390 4404 ad
1400 4357 1435 4403 ur.
1449 4359 1519 4406 2744.
