4004 5264
809 580 1160 652 INSCRIPTIONES
1181 583 1373 653 GRAEOAE.
1477 588 1823 671 [mannent-xcv.-

540 867 685 946 XCIII.
712 871 745 944 b.
1275 871 1420 952 XCIV.
1448 900 1477 950 ο.
1504 876 1539 949 d.

496 1040 712 1112 ΟΔΗΜΟΣ
1103 1047 1260 1121 ΟΔΙΟΥ
1621 1053 1734 1123 ΝΙΚΗ

448 1166 831 1239 ΕΤΕΙΜΗΣΕΝΚΟΙΝ
1107 1176 1138 1242 Ν
1568 1177 1861 1250 ΔΡΑΚΟΝΤΟΣ

448 1291 865 1364 ΜΙΛΙΟΝΛΕΠΙΔΟΝΑ
1153 1299 1285 1370 ΝΟΥΣ
1573 1303 1851 1375 ΚΑΙΕΚΑΤΙΟΥ

447 1417 584 1486 ΕΥΕΡΓ
585 1419 643 1488 ΕΤ
644 1421 820 1490 ΗΝΚΑΙΑ
1150 1423 1248 1496 tntu
1604 1428 1825 1501 ΑΔΕΛΦΩΝ

472 1543 766 1616 ΠΡΟΓΟΝΩΝΓ
768 1548 820 1617 ΕΓ
819 1547 887 1618 ΟΝ
1153 1551 1246 1622 mu
1638 1555 1800 1626 ΙΕΡΕΩΝ

367 1713 399 1784 b.
413 1703 461 1786 ‘O
476 1711 607 1808 Δῆμος
622 1711 798 1814 ἐτίμησεν
811 1707 922 1794 Κόῖν·
1017 1713 1222 1801 ο.Εὖοδίον
1242 1719 1324 1824 νίκη
1341 1723 1402 1802 καὶ
1498 1721 1639 1822 (1.Νι’κη
1651 1719 1862 1827 Δράκοντος

410 1875 477 1922 τον
519 1842 697 1946 Αἰμίλιον
746 1847 921 1948 Λέπιδον,
1071 1845 1372 1957 Ἀνδροσθένονς
1567 1859 1628 1937 καὶ
1641 1854 1824 1954 Ἐκοτίον,

414 1983 530 2064 αὐτοῦ
561 1985 758 2091 εὐεργέτην
775 1989 836 2068 καὶ
854 1983 929 2068 ἀπὸ
1138 1989 1315 2094 ἀδελφῶν
1606 1993 1783 2098 ἀδελφῶν

456 2117 655 2226 προγόνων
674 2121 869 2230 γεγονότα.
1151 2119 1289 2227 ἱερέων.
1627 2123 1765 2228 ἱερέων.

496 2296 641 2372 XCIII.
670 2296 817 2372 Titulus
840 2297 879 2370 in
907 2295 1084 2371 honorem
1100 2293 1233 2394 Lepidi
1249 2293 1438 2393 eujusdam
1455 2320 1477 2370 ο
1492 2295 1630 2395 ροροΙο
1646 2295 1812 2374 decretus

420 2427 569 2513 propter
608 2415 725 2492 officia
758 2419 837 2514 ejus
870 2441 1094 2514 avorumque
1130 2416 1269 2493 civitati
1302 2429 1516 2515 opportuna
1582 2419 1813 2521 Descriptum

418 2533 532 2610 habui
561 2535 607 2610 de
636 2536 756 2634 lapide
772 2537 812 2611 in
828 2537 958 2613 eodem
983 2536 1100 2626 horto,
1117 2559 1248 2636 nempe
1270 2533 1432 2634 praefeeti
1450 2537 1598 2613 Turniui
1622 2563 1732 2636 quem
1757 2565 1814 2640 ap

418 2661 557 2759 pellant
572 2659 651 2760 Bey
671 2654 793 2760 (ις).

493 2781 758 2880 Apographum
784 2781 1048 2858 Borrellianum
1075 2780 1176 2880 quod
1200 2805 1250 2856 ex
1267 2779 1491 2858 Cadalvenio
1514 2781 1651 2871 habuit,
1669 2797 1813 2882 praestat

418 2903 458 2976 in
474 2905 508 2976 4.
526 2927 552 2977 s.
572 2909 923 2979 ΚΑΙΝΑΞΑΠΡΟΓ
939 2915 1006 2978 etc.

494 3022 639 3099 XCIV.
684 3023 830 3098 Titulus
864 3025 993 3121 (quem
1023 3021 1245 3120 descriptum
1275 3017 1389 3094 habui
1415 3018 1462 3095 de
1495 3017 1616 3121 lapide
1645 3033 1811 3098 truncato

419 3145 586 3222 cisternae
602 3145 805 3244 pregrandi
821 3143 1030 3244 adjacente)
1043 3168 1092 3218 ex
1105 3142 1250 3241 duplice
1263 3139 1460 3216 conflatur:
1479 3165 1562 3240 pars
1575 3141 1623 3216 ad
1634 3141 1810 3234 dextrum,

420 3289 501 3360 quae
527 3265 668 3364 integra
682 3278 813 3354 manet,
830 3277 1090 3344 commemorat
1105 3265 1293 3340 victoriam
1310 3262 1543 3363 agonisticam
1559 3263 1753 3338 Dmeontia
1774 3275 1811 3337 et
1972 3299 1973 3327 i

419 3385 575 3472 Henatii
590 3377 752 3462 'fratmm
780 3387 889 3462 simul
917 3398 955 3462 et
984 3385 1233 3461 sacerdotum:
1260 3383 1353 3458 loeva
1379 3383 1507 3458 mutila
1536 3393 1610 3475 eet3
1636 3407 1705 3458 nec
1733 3407 1809 3481 poe

420 3529 544 3582 sumus
560 3507 707 3582 nomina
722 3507 971 3584 indubitanter
986 3507 1186 3584 restituere.
1226 3505 1398 3606 Cogitane
1414 3529 1605 3606 possumus
1623 3503 1809 3580 dumtaxat

420 3625 466 3700 de
483 3625 695 3716 Harmodio,
713 3627 773 3702 vel
799 3627 900 3726 quod
919 3627 1035 3727 posui,
1054 3626 1208 3714 modio,
1226 3637 1304 3712 eta,
1328 3623 1414 3698 dein
1434 3623 1705 3712 Androsthene‚
1731 3622 1807 3722 ipso

420 3757 459 3820 et
473 3745 561 3822 alibi
577 3745 696 3822 obvio.

1021 3911 1146 3991 XCV.
1173 3935 1205 3988 e.

982 4082 1247 4155 ΔΙΟΝΥΣΙΟΣ

910 4202 1316 4276 ΔΙΙΑΚΡΑΙΩΙΕΥΧΗΝ

780 4399 810 4451 e.
836 4365 1040 4456 Διονύσιος
1057 4367 1124 4450 Διῒ
1139 4364 1301 4474 Ἀκροίφ
1319 4357 1444 4470 εὐχήν.
