3956 5248
412 578 473 642 392
955 575 1248 676 AUCTARIUM.
1275 577 1397 666 [rusca.
1412 597 1797 645 ccxxxvi-omnum.

411 761 464 828 eui
475 785 533 827 nec
548 760 694 826 columna
705 759 800 837 adest,
815 783 874 826 neo
889 761 1018 849 zephori
1041 762 1262 851 fragmentum,
1283 786 1342 830 nec
1356 763 1443 829 oellae
1457 762 1585 852 species,
1608 787 1667 832 nec
1682 764 1797 831 titulus.

413 868 580 955 Reliquam
596 893 666 954 quae
680 868 881 954 circumjacet
895 869 1000 936 sedem
1013 879 1033 910 “
1043 869 1210 936 silvestrie”
1221 884 1331 937 tenent

774 1019 923 1096 virgulta,
938 1029 968 1079 et
981 1020 1076 1097 proles
1090 1021 1173 1080 tarde
1187 1021 1342 1080 crescentis
1355 1020 1448 1080 olives.

481 1161 583 1227 Sileut
592 1160 660 1247 jam
674 1159 820 1248 strepitus
835 1183 1003 1240 armorum,
1018 1174 1050 1226 et
1065 1159 1105 1226 ad
1116 1159 1235 1226 bellum
1250 1159 1503 1227 concursantium
1514 1159 1682 1244 juvenum,
1692 1160 1796 1226 obmu-

413 1281 537 1333 tescunt
551 1267 719 1346 Camenae3
741 1289 799 1332 neo
824 1266 957 1355 amplius
972 1289 1083 1332 vocem
1098 1265 1308 1332 auscultamus
1331 1263 1466 1330 ministri
1489 1265 1643 1331 divinitus
1661 1263 1746 1330 missi
1760 1263 1797 1330 sd

413 1374 520 1452 fidem,
535 1395 631 1461 spem,
644 1371 861 1460 poenitentiam
876 1371 1060 1452 revocantis,
1075 1371 1128 1438 vel
1139 1369 1194 1458 qui
1205 1369 1354 1459 Eutycho
1369 1369 1471 1458 sopito
1482 1369 1580 1436 vitam
1595 1369 1795 1459 spiritumque

415 1481 541 1546 reddat!

923 1607 942 1641 fl
982 1607 1000 1644 Ι
1042 1609 1060 1643 θ
1101 1608 1118 1644 Ι
1160 1608 1178 1644 G
1219 1609 1237 1643 Ι
1278 1608 1296 1643 O

482 1770 608 1837 Aceedo
620 1769 660 1836 ad
674 1769 812 1848 titulum,
828 1768 863 1835 in
877 1769 967 1855 cujus
980 1793 1011 1834 v.
1025 1770 1054 1833 2.
1069 1765 1302 1856 exspectaveris
1327 1772 1456 1854 ἐμαυτῷ.
1501 1764 1593 1831 Gens.
1608 1763 1731 1831 Buokh.
1745 1787 1794 1828 nn.

416 1877 509 1941 3581.
526 1876 619 1944 3585.
649 1875 775 1943 Nomen
784 1877 818 1941 in
826 1875 887 1943 hoe
896 1901 927 1941 v.
939 1873 1095 1964 Epictesis
1110 1873 1248 1940 cernitur
1263 1873 1297 1938 in
1308 1873 1356 1939 tit.
1368 1873 1499 1961 sepulcr.
1517 1873 1643 1962 Smyrn.
1656 1871 1795 1940 Boethii.

413 2008 444 2048 ιι.
461 1985 554 2049 3307.
571 1983 600 2048 3.
637 1982 680 2049 V.
697 1983 726 2048 5.
742 1981 945 2070 postsoriptus
955 1979 1066 2058 fuerat,
1081 1977 1221 2044 codicilli
1234 1977 1340 2056 instar,
1356 1978 1521 2067 superstite
1536 1979 1640 2046 adhuc
1655 1978 1793 2044 Tatiano.

414 2089 501 2157 Vide
516 2101 580 2155 not.
597 2088 637 2154 sd
649 2087 697 2153 tit.
714 2107 855 2152 nxxxrn,
869 2087 897 2150 1.

983 2273 1232 2342 CLXXXVII.

480 2433 510 2495 3.
535 2428 699 2516 Σμινθιῐῳ.
744 2426 914 2515 Templum
928 2425 1088 2514 Apollinis
1118 2422 1276 2490 Sminthei
1298 2423 1395 2508 juxta
1423 2419 1643 2496 Hamaxitum‚
1671 2442 1739 2506 quse
1759 2416 1794 2482 sd

415 2536 567 2602 ditionem
579 2535 831 2601 Alexandrinam
847 2533 1046 2622 pertinebas.
1093 2532 1145 2598 De
1163 2531 1251 2597 cultu
1275 2531 1342 2616 ejus
1363 2530 1447 2618 apud
1463 2528 1601 2594 Troades
1616 2528 1699 2593 conf.
1720 2527 1794 2593 stra-

415 2644 543 2708 bouemq
558 2654 591 2707 et
611 2639 726 2728 scripta
751 2639 819 2726 ejus
841 2637 1031 2703 illustrantes
1052 2661 1198 2702 nummos
1223 2637 1308 2724 apud
1331 2635 1541 2702 Eekheliumr.
1586 2634 1794 2700 Memorantur

414 2770 506 2835 porro
526 2746 561 2810 in
581 2757 784 2810 monumento
801 2743 852 2832 (ut
872 2741 983 2824 fertur)
996 2740 1217 2806 Alexandrino
1233 2741 1316 2806 inter
1330 2740 1526 2818 Biicklriana,
1541 2765 1573 2806 n.
1586 2741 1693 2820 3577„
1711 2749 1793 2824 Σμιν

415 2853 487 2930 deire
497 2851 673 2920 Ἀπόλλων
687 2861 720 2915 et
738 2848 934 2928 Ἀσιιλὴπιος
951 2851 1073 2933 Σωτήρ,
1096 2843 1157 2912 hoc
1182 2861 1218 2911 ut
1235 2849 1344 2926 Μέλης
1359 2852 1465 2935 σωτήρ
1480 2847 1515 2912 in
1529 2843 1622 2912 titulo
1640 2845 1792 2936 Smyrnaeo

416 2960 537 3028 dudum
551 2959 656 3036 edito',
672 2971 800 3046 propter
813 2956 1030 3022 liberationem
1046 2979 1064 3020 a
1078 2957 1199 3021 morbo.

482 3067 510 3130 7.
520 3089 565 3150 sq.
590 3071 783 3153 leocrlpou.
830 3063 882 3130 Sic
897 3063 931 3128 in
943 3062 1072 3128 Tloensi
1088 3061 1454 3151 Fellowsii²‚’0oulteu
1469 3069 1512 3132 τῶ
1528 3065 1683 3152 ἷερωτᾶτῳ
1694 3065 1793 3146 ταμείῳ

353 3197 355 3204 ’
414 3173 564 3256 ἐπιτιμίου
580 3169 711 3258 δηνάρια
725 3170 796 3260 ‘opi
842 3169 1046 3258 subintelligi
1061 3169 1187 3235 videtur
1202 3169 1299 3250 δίκην,
1315 3169 1400 3236 utin
1414 3183 1490 3236 noto
1504 3169 1676 3236 idiotismo.
1706 3165 1793 3256 Angl.

416 3279 450 3340 ιἰι
464 3277 577 3365 quality
590 3279 716 3366 osfine;
738 3278 790 3346 vel
810 3283 917 3368 χάριν.
961 3278 1038 3345 Vid.
1054 3279 1125 3344 insr.
1141 3279 1188 3344 tit.
1204 3300 1291 3346 ocxn.
1308 3281 1337 3344 2.
1354 3303 1376 3346 s.

980 3513 1244 3582 CLXXXVIII.

484 3670 512 3736 l.
536 3677 637 3739 θύειν.
667 3672 814 3738 Poteram
828 3669 881 3737 hie
896 3667 1065 3749 ΘΕΙΝΑΙ,
1080 3669 1135 3738 sed
1150 3685 1274 3760 praestat
1285 3672 1370 3759 quod
1385 3671 1469 3738 dedi.
1501 3675 1575 3740 θύω
1590 3695 1648 3760 pro
1662 3671 1795 3741 iodim

416 3787 594 3863 usurpatur,
618 3775 762 3844 utdueio
782 3780 944 3864 prompsi,
963 3775 1075 3855 saleio,
1099 3789 1226 3864 propter
1247 3775 1325 3843 ritus
1348 3775 1541 3856 sacrificales,
1566 3777 1699 3857 νικῦσια,
1722 3775 1797 3840 inter

450 4039 463 4073 1
478 4033 538 4080 Vide
549 4033 626 4083 strab.
639 4047 666 4082 x.
679 4037 700 4082 8.
713 4049 735 4095 p.
750 4035 805 4082 866.
817 4035 843 4081 Τ.
862 4047 918 4082 x1m
939 4037 960 4082 1.
975 4049 1014 4095 pp
1032 4037 1085 4083 117.
1168 4042 1179 4076 ‘t
1196 4036 1256 4083 Vide
1266 4043 1313 4084 not
1323 4037 1417 4097 preosd.

417 4133 463 4180 seq.
474 4120 526 4167 180.
545 4119 581 4168 De
591 4120 682 4167 nomine
693 4119 813 4168 Sminthea
819 4120 872 4166 vide
883 4119 983 4167 Macrob.
993 4119 1079 4168 saturn
1169 4126 1179 4152 ¹
1197 4121 1255 4168 Ibid
1269 4122 1334 4171 eone
1346 4121 1416 4170 Num
1428 4121 1538 4169 Anoedot.
1548 4135 1571 4180 p.
1581 4123 1620 4170 81.

417 4221 435 4256 1.
449 4209 486 4256 17.
498 4221 520 4267 p
533 4205 587 4252 294.
600 4205 652 4264 sip.
664 4211 688 4251 et
698 4204 796 4265 Argum.
814 4219 875 4265 supr.
892 4205 920 4252 de
934 4205 1085 4253 Alexandria.
1169 4213 1178 4238 ⁸
1197 4207 1282 4255 Fascio
1296 4221 1312 4255 1.
1322 4209 1367 4256 'lit
1380 4220 1474 4256 xxvur.
1486 4222 1509 4268 p.
1523 4209 1577 4256 107.

418 4291 538 4338 illustrent
554 4289 736 4349 superstitionem
752 4290 841 4336 nummi
852 4289 877 4336 in
893 4289 987 4338 Fekhel
1000 4289 1045 4338 vol.
1058 4304 1085 4338 u.
1173 4291 1180 4322 ¹
1196 4291 1273 4353 Lycia,
1285 4299 1328 4340 ete.
1346 4307 1368 4339 n
1384 4294 1436 4341 130.
1447 4306 1470 4354 p
1482 4293 1537 4340 891.
1555 4291 1676 4353 Expressit
1686 4297 1709 4338 et
1720 4289 1795 4340 rna.

417 4391 455 4438 pp.
467 4378 522 4424 180.
531 4377 587 4424 488.
600 4375 621 4422 la
1137 4377 1161 4424 ia
1172 4390 1195 4423 n.
1208 4379 1278 4425 4245.
