3972 5240
1006 1111 1272 1204 PISIDIA.

1056 1381 1182 1418 ...4—
1196 1397 1202 1403 .

972 1596 1281 1674 ANTIOCHIA.

1056 1809 1138 1918 „Ab
1155 1809 1202 1903 λ.-

980 2007 1232 2083 comm.
1266 2034 1296 2081 a.

434 2199 587 2303 Ἐπειδὴ
629 2201 848 2305 Μένανδρος
876 2198 1140 2280 Ἀπολλωνίου
1174 2209 1241 2281 τοῦ
1276 2197 1504 2304 Μενάνδρου
1542 2197 1810 2306 Ἀφροδισιεάς,

435 2331 742 2440 παγκρατιαστὴς
761 2329 976 2440 παράδοξος
995 2331 1056 2413 καῖ
1075 2331 1136 2412 διὰ
1154 2335 1242 2430 βίου
1262 2330 1480 2438 ξυστάρχης
1499 2339 1572 2412 τῶν
1591 2335 1631 2412 έν
1642 2334 1811 2437 κολωνείᾳ

434 2467 646 2574 Ἀντιοχείᾳ
671 2465 835 2570 ἀγώνων,
855 2462 1028 2566 ἀθλήσας
1053 2459 1213 2570 ἐνδόξως
1244 2465 1304 2544 καὶ
1335 2466 1517 2563 ἐπιμελῶς
1548 2465 1608 2543 ε’πὶ
1637 2472 1811 2544 τοσοῦτον

436 2595 550 2703 δόξης
568 2596 714 2700 προέβη
737 2598 784 2680 ὡς
803 2600 952 2698 πρῶτον
971 2591 1174 2674 ἀνελέσθαι
1194 2594 1353 2698 εὐτυχῶς
1372 2591 1578 2678 τοσούτους
1597 2598 1741 2698 ἀγῶνας
1759 2596 1810 2674 καὶ

436 2728 599 2836 δοξάσαι
638 2725 717 2808 καθ’
757 2729 919 2808 ἕκαστον
956 2727 1082 2827 ἀγῶνα
1115 2720 1184 2826 τὴν
1216 2723 1486 2829 λαμπροτάτην
1515 2727 1678 2830 πατρίδα
1709 2727 1810 2806 αὐτοῦ

433 2859 647 2968 κηρύγμασι
666 2864 727 2940 καὶ
746 2857 964 2967 στεφάνοις,
982 2855 1154 2955 μάλιστα
1173 2855 1214 2937 δὲ
1233 2861 1294 2938 καὶ
1317 2861 1376 2938 ἐπὶ
1405 2863 1492 2938 θεοῦ
1518 2857 1755 2954 Ἀντωνίνου,
1768 2862 1808 2940 ὡς

436 2999 480 3077 οὐ
517 2992 634 3096 μόνον
668 2997 953 3100 στεφανωθῆναι
986 2997 1065 3076 ταῖς
1105 2992 1245 3070 ἐκείνου
1281 2991 1428 3095 χερσίν,
1464 2989 1567 3070 ἀλλά
1604 2993 1664 3071 καὶ
1703 2997 1811 3091 τιμαῖς

436 3128 638 3236 ἐξαιρέτοις
657 3131 865 3228 τιμηθῆναι,
885 3124 980 3226 μετὰ
998 3121 1039 3203 δέ
1058 3132 1174 3205 ταῦτα
1199 3123 1398 3226 γενόμενος
1419 3123 1636 3232 ξυστάρχης
1655 3127 1810 3230 τοσαύτη

437 3264 560 3370 εὐνοίᾳ
591 3265 651 3342 καὶ
682 3261 873 3368 ἐπιμελείᾳ
901 3258 995 3359 μετὰ
1026 3263 1194 3358 σπουδῆς
1218 3257 1369 3360 ἀπάσης
1393 3259 1541 3362 κήδεται
1570 3269 1643 3340 τῶν
1662 3264 1748 3362 ἡμῖν
1765 3265 1810 3339 δι-

436 3393 653 3504 αφερόντων
672 3392 719 3474 τά
738 3391 928 3474 κάλλιστα
952 3392 1013 3470 καὶ
1032 3389 1171 3495 ἀριστα
1198 3388 1486 3491 πολιτευόμενος
1506 3395 1546 3473 ἐν
1564 3393 1663 3493 ἡμῖν,
1684 3397 1742 3474 καὶ
1760 3389 1811 3472 διά

436 3537 553 3611 ταῦτα
572 3529 632 3606 καὶ
652 3525 755 3605 ἀλλα
773 3522 820 3607 τά
838 3521 907 3624 μέν
925 3521 1111 3608 πολλάκις
1131 3526 1191 3604 καὶ
1211 3521 1258 3605 τά
1283 3533 1348 3603 νῦν
1368 3527 1601 3610 ἐπαινοῦντες
1620 3523 1687 3606 τὸν
1706 3525 1811 3628 ἀνδρα

436 3664 496 3742 καὶ
533 3665 805 3763 μαρτυροῦντες
836 3657 935 3763 αὐτῷ
966 3655 1200 3762 ψηφίσματα
1229 3661 1306 3740 τοῖς
1334 3656 1486 3760 Κυρίοις
1516 3655 1810 3764 Αὐτοκράτορσιν

434 3789 697 3898 πεπόμφαμεν,
717 3788 916 3893 ἡγούμενοι
934 3790 1116 3892 μεγίστας
1141 3791 1202 3868 καὶ
1221 3787 1398 3895 ἀνταξίας
1421 3789 1581 3891 ἀμοιβάς
1604 3793 1702 3901 αὐτῷ
1720 3789 1808 3894 γενέ·

437 3929 527 4004 σθαι
547 3920 630 4002 ἀντὶ
648 3926 714 4021 τῆς
732 3923 817 4025 περὶ
847 3922 943 4020 ἡμᾶς
968 3919 1111 4003 εὐνοίας
1137 3921 1197 3998 καὶ
1224 3919 1281 4000 ότι
1305 3917 1575 4021 διακονήμοσιν
1600 3927 1736 4008 ἱκανοῖς
1760 3921 1811 4001 καὶ

435 4051 538 4160 κόπῳ
556 4051 692 4157 πολλῷ
711 4048 934 4153 προεγένετο
955 4051 1015 4128 καὶ
1035 4045 1262 4154 διεπράξατο
1283 4051 1442 4155 ἀχθῆναι
1461 4048 1528 4132 τόν
1548 4050 1680 4152 Μηνὸς
1699 4057 1811 4158 ἀγῶνα

434 4181 537 4288 παρὰ
556 4189 633 4267 τοῖς
651 4179 899 4287 Ἀντιοχεῦσιν
919 4185 967 4267 ὡς
986 4179 1149 4284 κομίζειν
1167 4183 1261 4282 ἡμᾶς
1293 4183 1439 4265 οἴκοθεν
1466 4183 1552 4289 παρ’
1573 4187 1688 4267 αὐτοῦ
1716 4182 1811 4287 τιμὴν

434 4319 474 4396 ἐν
493 4323 569 4399 τοῖς
586 4313 769 4414 μάλιστα·
799 4311 875 4393 Διά
887 4323 1004 4396 ταῦτα
1024 4309 1198 4418 δεδόχθαι
1218 4313 1312 4422 τύχῃ
1332 4319 1454 4422 ἀγαθῇ
1475 4319 1745 4423 εῦχαριστῆσαι
1768 4318 1811 4422 τῷ
