4004 5264
183 597 610 686 msoa.uxxn.,nxxx111.]
726 597 1048 666 APHRODISIAS.
1538 603 1577 666 61

185 790 381 894 Καίσαρος
418 790 598 896 ἀργυρίου
636 787 793 894 δηνάρια
817 821 863 898 ,9,
897 784 948 871 ὧν
987 787 1030 871 τὸ
1068 792 1195 895 τρίτον
1231 791 1343 896 μέρος
1377 791 1474 872 ἴστω
1508 795 1575 873 τοῦ

186 920 462 1023 ἐκδικήσαντος.
519 928 598 1024 Τῆς
624 925 834 1032 ἐπιγραφῆς
853 922 988 1025 ταύτης
1014 927 1247 1030 ἀντίγραφον
1273 925 1433 1027 ἀτετέθη
1456 931 1506 1011 εἷς
1531 925 1573 1008 τὸ

182 1053 468 1161 χρεωφολοὶκιον
487 1057 547 1138 ε’ττὶ
567 1053 863 1162 στεφανηφόρον
898 1101 1571 1120 ---------------

259 1281 404 1355 Titulus
421 1281 629 1380 sepulcralis
647 1292 684 1355 et
699 1281 739 1354 in
754 1281 871 1378 capite
890 1291 927 1354 et
942 1279 1014 1355 fine
1028 1281 1186 1355 mutilus.
1235 1281 1300 1355 Ad
1313 1281 1572 1382 sarcophagum

181 1401 386 1498 pertinebat
408 1427 516 1500 quem
542 1400 763 1499 Apollonius
790 1399 938 1497 quidam
967 1427 989 1474 a
1014 1400 1217 1475 Menandro
1230 1402 1314 1498 jure
1331 1402 1572 1477 concessionis

184 1511 496 1626 (σογχωρήσεως)
524 1527 562 1600 iu
580 1524 876 1625 Chreophylakio
898 1538 1088 1600 asservata
1109 1527 1384 1622 conquisiverat.
1435 1529 1572 1600 Memo

178 1656 281 1718 ratirr
314 1645 498 1741 sepultura
527 1643 565 1716 in
599 1666 643 1717 eo
671 1643 937 1730 Abascantinae‚
976 1667 1057 1739 quae
1095 1644 1290 1742 aliquando
1326 1645 1444 1720 suerat
1476 1673 1572 1721 uxor

181 1765 271 1860 ejus,
304 1764 505 1861 ceterisque
541 1765 718 1854 omnibus,
751 1776 884 1861 praeter
916 1765 1035 1863 ipsum
1060 1765 1310 1863 Apollonium,
1344 1767 1572 1842 interdicitur

182 1883 251 1956 sub
267 1907 374 1980 prena
390 1881 558 1969 dirarum,
575 1881 699 1956 multae
724 1883 850 1956 serario
867 1883 1098 1980 imperatorio
1115 1882 1325 1981 pendendae,
1343 1897 1409 1960 etc.
1468 1888 1572 1960 AEtas

182 2003 320 2078 incerta
340 2015 402 2077 est.

257 2126 488 2224 Descriptum
510 2125 622 2200 habui
639 2125 685 2200 de
701 2127 874 2200 moenium
890 2125 981 2201 facie
998 2124 1185 2200 meridiali.
1236 2125 1294 2199 Ita
1310 2138 1347 2200 et
1364 2126 1472 2223 paulo
1489 2139 1571 2199 ante

183 2243 418 2330 Fellowsius‘,
447 2268 496 2317 ex
523 2245 627 2340 cujus
649 2243 744 2317 libro
764 2242 960 2319 B'ockhiust
994 2243 1290 2320 Sherardianum²¹
1309 2243 1409 2339 quod
1432 2245 1471 2316 in
1498 2269 1572 2318 cor·

181 2389 270 2462 pore
287 2367 475 2440 tittdorum
493 2365 658 2440 ediderat
674 2365 846 2462 explevit.
898 2365 997 2459 Quid
1010 2389 1097 2438 vero
1115 2363 1310 2438 dicendum
1328 2363 1374 2438 de
1391 2366 1571 2451 monstris

182 2484 303 2579 qualia
319 2496 413 2570 sunt,
430 2489 782 2558 monasterum:
800 2537 809 2556 .
833 2537 842 2556 .
862 2484 1155 2558 ΟΥΙΙΟΗΙΙΔΝῨ
1205 2486 1327 2560 Locus
1345 2510 1429 2558 sane
1448 2487 1572 2559 obscu-

180 2605 276 2679 riora
292 2603 554 2702 suppeditabat.
608 2605 733 2678 Habet
746 2603 932 2680 Bbckhius
948 2605 986 2678 in
1000 2631 1032 2676 v.
1051 2607 1084 2679 2.
1106 2611 1516 2692 ΗΔΕΔΟΜΕΝΑΥΤΟ,
1534 2607 1573 2678 in

183 2727 216 2797 3.
235 2731 493 2799 ΣΥΝΧΩΣΙΝ.
550 2723 715 2797 Fellows.
734 2724 773 2796 in
797 2727 829 2797 5.
847 2730 1087 2819 ΔΕΥΩΝΟΣ,
1105 2727 1206 2822 atqui
1232 2751 1316 2800 cum
1338 2727 1438 2822 justa
1458 2726 1573 2800 distri·

181 2845 331 2918 butione
349 2866 528 2916 versuum.
565 2841 703 2917 Boekh.
722 2843 808 2917 ibid
827 2849 985 2921 ΧΡΕΟΦΙ
1006 2856 1072 2918 eto.
1090 2845 1129 2918 in
1148 2849 1180 2918 7.
1200 2870 1226 2918 a.
1244 2852 1567 2921 ΓΥΝΝΙΑΥΤΟΝ.

183 2967 221 3038 in
241 2967 296 3038 11.
314 2968 462 3048 ΧΟΡΙΣ,
481 2963 580 3058 quod
597 2963 685 3036 Fell.
705 2970 837 3046 ΣΩΕΣ,
855 2963 902 3037 de
915 2964 1071 3038 lectione
1088 2977 1277 3064 argutante
1291 2967 1475 3040 Wienero.
1529 2970 1573 3040 In

186 3089 241 3159 12.
260 3087 300 3159 F.
321 3089 443 3160 ΕΠΕΟ
460 3097 528 3158 etc.
581 3086 626 3158 Iu
647 3087 703 3158 13.
724 3087 764 3158 B.
784 3092 955 3160 ΜΕΠΕΙΧ
972 3099 1038 3160 etc.
1053 3098 1091 3160 et
1102 3086 1141 3159 F.
1161 3093 1307 3161 ΗΕΠΕΙ.
1352 3086 1465 3160 Infin.
1481 3113 1571 3161 vers.

186 3207 225 3278 B.
244 3212 440 3282 ΑΣΕΡΗΣ.
496 3206 592 3279 Dein
621 3207 659 3279 in
687 3210 743 3280 14.
763 3214 1017 3284 ΕΠΗΡΑΤΟΣ
1045 3209 1145 3308 (quis
1172 3235 1220 3283 ex
1247 3209 1312 3282 tali
1328 3209 1428 3282 diros
1447 3211 1575 3282 somni-

185 3325 296 3422 arit?)
315 3327 353 3399 iu
374 3329 430 3400 15.
452 3331 574 3401 ΕΣΤΟ
593 3338 658 3400 etc.
711 3329 755 3400 In
784 3327 848 3401 ult.
869 3333 1248 3402 ΚΕΔΙΚΗΣΑΝΤΟΣ.
1304 3327 1464 3401 Notandi
1492 3342 1576 3402 sunt

186 3471 242 3517 vv.
263 3447 318 3518 17.
337 3470 363 3519 s.
383 3471 404 3518 a
423 3444 604 3520 Sherardo
621 3447 769 3521 minime
787 3473 835 3521 ex
852 3447 923 3521 fide
941 3448 1129 3522 marmoris
1146 3447 1275 3546 partiti.

741 3735 964 3807 LXXXIII.
992 3765 1025 3806 π.

261 3919 475 3993 Declaratur
500 3921 539 3993 in
565 3919 637 3994 hoc
654 3920 760 3993 titulo
779 3919 929 3995 Charito
963 3919 1121 4017 quidam,
1149 3917 1321 4007 medicus,
1351 3921 1574 3994 monumenti

187 4061 350 4134 arcaque
387 4038 596 4136 sepulcralis
623 4064 816 4138 possessor,
846 4065 1000 4137 quornm
1028 4039 1122 4114 hanc
1151 4039 1220 4136 ipsi
1248 4040 1465 4138 oonjugique
1496 4042 1573 4136 ejus

228 4271 237 4300 ⁸
257 4267 318 4326 Ubi
331 4287 395 4345 sup.
410 4287 437 4325 n.
446 4270 494 4328 50.
507 4287 535 4344 p.
546 4267 614 4330 347.
906 4289 935 4346 p.
953 4271 1036 4328 1115.

229 4366 322 4425 ‘Ubi
341 4385 405 4444 sup.
427 4385 455 4425 n.
470 4369 676 4443 2830.p.539.
719 4365 853 4428 Addend.
947 4369 1046 4428 u(lod.
1061 4371 1144 4444 pssl.
1186 4369 1289 4426 Asini.
1308 4371 1350 4426 13.
