3992 5240
157 568 553 656 resonam-enne]
775 569 947 635 KULAH.

743 874 918 950 CLXIV.
945 901 975 950 e.

362 1025 1249 1123 ετογῑῐιῑκγυεοοενετκιονθιῑενειῑοι

360 1158 1086 1231 ουνῑιονκντευιοικκτκεηιτκ.
1114 1213 1123 1232 .
1152 1213 1161 1232 .

461 1271 1355 1347 κ.τογιυονκκεοΗκεΝιενκτεΥουτοῑ

357 1382 1525 1462 rmmnovrmm..numeru.,eenrmuxemmnor

150 1541 167 1574 u
367 1544 377 1576 Ι
499 1547 511 1577 κ
555 1551 565 1576 r
817 1555 827 1586 ν
1046 1553 1056 1583 ν
1360 1557 1369 1584 ν
1465 1559 1476 1586 t

168 1555 291 1634 Erovr
320 1585 391 1654 ρκ,
421 1587 537 1653 μηνος
567 1557 869 1657 Υπερβερετοιου
900 1551 961 1653 ιθ’,
982 1555 1115 1662 Ζευξιο
1134 1561 1341 1639 Διονυσίου
1372 1565 1550 1664 Αρτεμιδι

157 1679 238 1762 κατ’
255 1679 435 1785 ἐπιταγὴν
447 1679 539 1769 Διὸς
551 1687 679 1789 κυρίου
693 1683 876 1790 τυράννου
890 1687 1079 1787 ἀνέθηκεν,
1093 1687 1345 1792 ἱερατείοντος
1357 1692 1549 1771 Φιλίππου

395 1813 605 1914 Γλύκωνος,
624 1820 686 1898 δὶα
705 1819 855 1903 Παπίας
873 1815 1087 1923 Ἐρατεινῆς
1107 1822 1311 1901 Φιλίππου.

233 1984 361 2060 Refert
389 1986 516 2059 titulus
547 1985 735 2060 donarium
754 2011 775 2060 υ
792 1987 958 2060 Zeuxide
982 1987 1139 2084 quodam
1157 1990 1288 2063 Dianae
1305 1991 1478 2084 oblatum,
1501 2015 1548 2064 ex

155 2107 368 2204 praeseripto
387 2108 434 2205 (J
434 2107 512 2180 ovis
529 2106 589 2179 vel
606 2107 737 2179 summi
764 2107 932 2180 rectoris⁸
950 2107 1010 2180 vel
1027 2107 1293 2204 Masphalateni
1305 2109 1340 2209 ?)
1360 2110 1480 2206 idque,
1499 2136 1549 2183 sn-

155 2226 361 2302 cerdotium
384 2239 512 2325 agente
526 2227 707 2325 Philippo,
724 2253 790 2325 per
809 2227 1058 2328 (Eratinam?)
1077 2227 1189 2302 filiam
1207 2232 1295 2327 ejus.
1341 2232 1445 2303 AEtas
1463 2229 1548 2302 defi-

154 2349 267 2434 nitur,
285 2349 333 2422 U.
350 2347 390 2424 C.
406 2349 488 2420 843.
506 2347 546 2418 Ρ.
559 2344 600 2420 C.
616 2349 673 2422 90.
691 2345 891 2444 imperante
904 2347 1121 2420 Domitiano.

232 2465 465 2564 Descn'ptum
482 2464 595 2538 habui
608 2463 654 2538 de
666 2489 843 2538 marmore
857 2490 971 2563 prope
982 2467 1202 2540 vestibulum
1216 2468 1376 2541 exterius
1387 2465 1548 2540 Moschae

156 2586 341 2661 Kulensis.
395 2583 571 2678 Quaedarn
598 2585 723 2658 insunt
748 2585 887 2660 incerta
913 2586 951 2658 in
973 2611 1031 2660 vv.
1055 2589 1088 2660 3.
1117 2590 1150 2660 4.
1177 2588 1243 2661 ubi
1270 2587 1422 2686 vestigia
1448 2585 1548 2660 dum·

158 2719 261 2782 taxat
277 2705 482 2780 litterarum
500 2705 729 2801 apparebant.

749 2893 905 2969 CLXV.
932 2893 965 2967 d.

698 3066 866 3136 ΚΑΙΜΕ.
890 3113 899 3132 .
915 3067 985 3133 ΩΝ

574 3253 707 3268 ·····
725 3206 785 3285 καὶ
805 3200 983 3284 Μαιόνων
1001 3250 1015 3264 ·
1032 3249 1045 3264 ·
1061 3251 1075 3264 -
1091 3251 1134 3264 --

230 3388 276 3459 In
297 3383 368 3458 hoe
391 3383 499 3457 titulo
521 3382 682 3454 Maeones
704 3386 920 3450 memoratos
944 3374 1064 3448 eredo.
1117 3375 1349 3473 Descriptum
1371 3373 1482 3450 habui
1500 3375 1546 3448 de

155 3509 359 3606 fragmento
386 3505 564 3580 columnae
590 3502 628 3574 in
655 3499 836 3574 vestibulo
863 3495 1026 3594 ejusdem
1060 3494 1224 3569 Moschae
1252 3494 1317 3568 ubi
1350 3506 1388 3568 et
1421 3516 1544 3570 cnxrv.

155 3653 283 3728 repen

736 3771 912 3848 CLXVL
938 3793 968 3843 e.

655 3943 1064 4015 ΕΛΕΥΘΕΡΩΝΓΕΓΕΚ

655 4055 993 4128 ΑΔΟΥΛΩΝΑΠΟ

657 4167 1117 4240 ΠΑΣΙΝΤΩΝΛΕΠΙΤΗΣ

558 4367 571 4406 ⁸
586 4361 651 4419 Vir.
665 4363 711 4421 τοῦ
723 4359 809 4441 κυρίου
818 4355 945 4435 τομίων,
961 4373 1041 4433 supr.
1051 4369 1144 4412 cml.

826 4453 882 4516 ur
