<?xml version="1.0" encoding="UTF-8"?>
<!DOCTYPE html PUBLIC "-//W3C//DTD XHTML 1.0 Transitional//EN"
    "http://www.w3.org/TR/xhtml1/DTD/xhtml1-transitional.dtd">
<html xmlns="http://www.w3.org/1999/xhtml" xml:lang="en" lang="en">
 <head>
  <title>
</title>
<meta http-equiv="Content-Type" content="text/html;charset=utf-8" />
  <meta name='ocr-system' content='tesseract 3.04.00' />
  <meta name='ocr-capabilities' content='ocr_page ocr_carea ocr_par ocr_line ocrx_word'/>
</head>
<body>
  <div class='ocr_page' id='page_1' title='image "./fasciculusinscr01kenngoog_0110.png"; bbox 0 0 3992 5240; ppageno 0'>
   <div class='ocr_carea' id='block_1_1' title="bbox 153 588 1547 676">
    <p class='ocr_par' dir='ltr' id='par_1_1' title="bbox 153 588 1547 676">
     <span class='ocr_line' id='line_1_1' title="bbox 153 588 1547 676; baseline -0.001 -20"><span class='ocrx_word' id='word_1_1' title='bbox 153 595 564 676; x_wconf 79' lang='lat' dir='ltr'><strong>ruscu.exxv111.,exx1x.]</strong></span> <span class='ocrx_word' id='word_1_2' title='bbox 746 588 948 657; x_wconf 84' lang='lat' dir='ltr'><strong>SELINUS.</strong></span> <span class='ocrx_word' id='word_1_3' title='bbox 1506 597 1547 660; x_wconf 88' lang='grc'><strong>99</strong></span> 
     </span>
    </p>
   </div>
   <div class='ocr_carea' id='block_1_2' title="bbox 151 778 1548 1717">
    <p class='ocr_par' dir='ltr' id='par_1_2' title="bbox 154 778 1548 1238">
     <span class='ocr_line' id='line_1_2' title="bbox 228 778 1546 880; baseline 0.004 -28"><span class='ocrx_word' id='word_1_4' title='bbox 228 781 378 854; x_wconf 85' lang='lat' dir='ltr'><strong>Titulus</strong></span> <span class='ocrx_word' id='word_1_5' title='bbox 405 779 539 876; x_wconf 82' lang='lat' dir='ltr'><strong>puriter</strong></span> <span class='ocrx_word' id='word_1_6' title='bbox 565 803 649 852; x_wconf 91' lang='lat' dir='ltr'><strong>cum</strong></span> <span class='ocrx_word' id='word_1_7' title='bbox 678 779 892 874; x_wconf 85' lang='lat' dir='ltr'>insequente</span> <span class='ocrx_word' id='word_1_8' title='bbox 909 778 1112 876; x_wconf 90' lang='lat' dir='ltr'><strong>descriptus</strong></span> <span class='ocrx_word' id='word_1_9' title='bbox 1129 778 1176 852; x_wconf 92' lang='lat' dir='ltr'><strong>de</strong></span> <span class='ocrx_word' id='word_1_10' title='bbox 1194 780 1360 877; x_wconf 91' lang='lat' dir='ltr'><strong>sepulcro</strong></span> <span class='ocrx_word' id='word_1_11' title='bbox 1387 781 1425 854; x_wconf 91' lang='lat' dir='ltr'><strong>iu</strong></span> <span class='ocrx_word' id='word_1_12' title='bbox 1448 807 1546 880; x_wconf 90' lang='lat' dir='ltr'><strong>rupe.</strong></span> 
     </span>
     <span class='ocr_line' id='line_1_3' title="bbox 155 897 1547 1001; baseline 0.001 -27"><span class='ocrx_word' id='word_1_13' title='bbox 155 900 301 974; x_wconf 77' lang='lat' dir='ltr'><strong>Diserta</strong></span> <span class='ocrx_word' id='word_1_14' title='bbox 329 911 386 974; x_wconf 89' lang='lat' dir='ltr'><strong>est</strong></span> <span class='ocrx_word' id='word_1_15' title='bbox 405 900 542 972; x_wconf 86' lang='lat' dir='ltr'><strong>mentio</strong></span> <span class='ocrx_word' id='word_1_16' title='bbox 561 898 703 974; x_wconf 92' lang='lat' dir='ltr'><strong>Obrimi</strong></span> <span class='ocrx_word' id='word_1_17' title='bbox 728 897 917 994; x_wconf 78' lang='lat' dir='ltr'><strong>cujusdem</strong></span> <span class='ocrx_word' id='word_1_18' title='bbox 935 898 999 993; x_wconf 92' lang='lat' dir='ltr'><strong>qui</strong></span> <span class='ocrx_word' id='word_1_19' title='bbox 1016 922 1188 974; x_wconf 82' lang='lat' dir='ltr'><strong>unacum</strong></span> <span class='ocrx_word' id='word_1_20' title='bbox 1208 899 1340 999; x_wconf 86' lang='lat' dir='ltr'><strong>Syrbio</strong></span> <span class='ocrx_word' id='word_1_21' title='bbox 1359 900 1547 1001; x_wconf 75' lang='lat' dir='ltr'><strong>(Servioi)</strong></span> 
     </span>
     <span class='ocr_line' id='line_1_4' title="bbox 156 1018 1548 1120; baseline 0.003 -28"><span class='ocrx_word' id='word_1_22' title='bbox 156 1018 310 1094; x_wconf 90' lang='lat' dir='ltr'><strong>heroum</strong></span> <span class='ocrx_word' id='word_1_23' title='bbox 328 1031 562 1094; x_wconf 78' lang='lat' dir='ltr'><strong>exstruxerat</strong></span> <span class='ocrx_word' id='word_1_24' title='bbox 582 1019 621 1092; x_wconf 92' lang='lat' dir='ltr'><strong>in</strong></span> <span class='ocrx_word' id='word_1_25' title='bbox 646 1043 753 1092; x_wconf 90' lang='lat' dir='ltr'><strong>usum</strong></span> <span class='ocrx_word' id='word_1_26' title='bbox 776 1019 938 1116; x_wconf 90' lang='lat' dir='ltr'><strong>ipsorum</strong></span> <span class='ocrx_word' id='word_1_27' title='bbox 954 1018 1233 1116; x_wconf 81' lang='lat' dir='ltr'><strong>liberorumque.</strong></span> <span class='ocrx_word' id='word_1_28' title='bbox 1293 1022 1376 1094; x_wconf 91' lang='lat' dir='ltr'><strong>Hoc</strong></span> <span class='ocrx_word' id='word_1_29' title='bbox 1403 1046 1548 1120; x_wconf 81' lang='lat' dir='ltr'><strong>generu-</strong></span> 
     </span>
     <span class='ocr_line' id='line_1_5' title="bbox 154 1137 1403 1238; baseline 0 -24"><span class='ocrx_word' id='word_1_30' title='bbox 154 1141 237 1214; x_wconf 84' lang='lat' dir='ltr'><strong>tim:</strong></span> <span class='ocrx_word' id='word_1_31' title='bbox 267 1165 385 1238; x_wconf 90' lang='lat' dir='ltr'><strong>quum</strong></span> <span class='ocrx_word' id='word_1_32' title='bbox 403 1139 450 1213; x_wconf 82' lang='lat' dir='ltr'><strong>ad</strong></span> <span class='ocrx_word' id='word_1_33' title='bbox 467 1139 610 1238; x_wconf 83' lang='lat' dir='ltr'><strong>singula</strong></span> <span class='ocrx_word' id='word_1_34' title='bbox 622 1138 827 1213; x_wconf 79' lang='lat' dir='ltr'><strong>accedimus</strong></span> <span class='ocrx_word' id='word_1_35' title='bbox 842 1137 975 1236; x_wconf 88' lang='lat' dir='ltr'><strong>premit</strong></span> <span class='ocrx_word' id='word_1_36' title='bbox 991 1139 1217 1214; x_wconf 87' lang='lat' dir='ltr'><strong>monumenti</strong></span> <span class='ocrx_word' id='word_1_37' title='bbox 1233 1139 1403 1214; x_wconf 87' lang='lat' dir='ltr'><strong>conditio.</strong></span> 
     </span>
    </p>

    <p class='ocr_par' dir='ltr' id='par_1_3' title="bbox 151 1257 1547 1717">
     <span class='ocr_line' id='line_1_6' title="bbox 225 1257 1547 1357; baseline 0.002 -22"><span class='ocrx_word' id='word_1_38' title='bbox 225 1259 382 1336; x_wconf 86' lang='lat' dir='ltr'><strong>Contuli</strong></span> <span class='ocrx_word' id='word_1_39' title='bbox 398 1281 478 1333; x_wconf 83' lang='lat' dir='ltr'><strong>mes</strong></span> <span class='ocrx_word' id='word_1_40' title='bbox 494 1283 578 1334; x_wconf 89' lang='lat' dir='ltr'><strong>cum</strong></span> <span class='ocrx_word' id='word_1_41' title='bbox 595 1283 716 1357; x_wconf 81' lang='lat' dir='ltr'><strong>apogr.</strong></span> <span class='ocrx_word' id='word_1_42' title='bbox 731 1259 894 1345; x_wconf 87' lang='lat' dir='ltr'><strong>Borrell.‚</strong></span> <span class='ocrx_word' id='word_1_43' title='bbox 906 1257 1135 1332; x_wconf 84' lang='lat' dir='ltr'><strong>etBeaufort</strong></span> <span class='ocrx_word' id='word_1_44' title='bbox 1154 1283 1271 1356; x_wconf 89' lang='lat' dir='ltr'><strong>nuper</strong></span> <span class='ocrx_word' id='word_1_45' title='bbox 1288 1261 1487 1336; x_wconf 74' lang='lat' dir='ltr'><strong>sFranzin‘</strong></span> <span class='ocrx_word' id='word_1_46' title='bbox 1499 1289 1547 1338; x_wconf 92' lang='lat' dir='ltr'><strong>ex</strong></span> 
     </span>
     <span class='ocr_line' id='line_1_7' title="bbox 153 1377 1540 1466; baseline 0 -10"><span class='ocrx_word' id='word_1_47' title='bbox 153 1379 375 1456; x_wconf 79' lang='lat' dir='ltr'><strong>Bdcklrisnis</strong></span> <span class='ocrx_word' id='word_1_48' title='bbox 392 1378 500 1454; x_wconf 84' lang='lat' dir='ltr'><strong>edito.</strong></span> <span class='ocrx_word' id='word_1_49' title='bbox 553 1377 716 1452; x_wconf 88' lang='lat' dir='ltr'><strong>Admisit</strong></span> <span class='ocrx_word' id='word_1_50' title='bbox 733 1377 866 1452; x_wconf 80' lang='lat' dir='ltr'><strong>udin</strong></span> <span class='ocrx_word' id='word_1_51' title='bbox 879 1403 910 1452; x_wconf 91' lang='lat' dir='ltr'><strong>v.</strong></span> <span class='ocrx_word' id='word_1_52' title='bbox 925 1380 957 1452; x_wconf 93' lang='lat'><strong>1.</strong></span> <span class='ocrx_word' id='word_1_53' title='bbox 972 1384 1171 1466; x_wconf 87' lang='grc' dir='ltr'>ΜΩΤΙΟΥ,</span> <span class='ocrx_word' id='word_1_54' title='bbox 1188 1380 1274 1454; x_wconf 91' lang='lat' dir='ltr'><strong>dein</strong></span> <span class='ocrx_word' id='word_1_55' title='bbox 1290 1385 1540 1458; x_wconf 86' lang='grc' dir='ltr'><strong>ΣΟΥΡΒΙΟΣ.</strong></span> 
     </span>
     <span class='ocr_line' id='line_1_8' title="bbox 153 1496 1546 1598; baseline 0.001 -23"><span class='ocrx_word' id='word_1_56' title='bbox 153 1501 195 1574; x_wconf 90' lang='lat' dir='ltr'><strong>In</strong></span> <span class='ocrx_word' id='word_1_57' title='bbox 212 1527 244 1574; x_wconf 90' lang='lat' dir='ltr'><strong>v.</strong></span> <span class='ocrx_word' id='word_1_58' title='bbox 264 1504 298 1575; x_wconf 89' lang='grc'><strong>3.</strong></span> <span class='ocrx_word' id='word_1_59' title='bbox 316 1513 402 1598; x_wconf 87' lang='lat' dir='ltr'><strong>post</strong></span> <span class='ocrx_word' id='word_1_60' title='bbox 430 1506 501 1574; x_wconf 80' lang='grc' dir='ltr'><strong>ΚΑΙ</strong></span> <span class='ocrx_word' id='word_1_61' title='bbox 532 1499 663 1573; x_wconf 84' lang='lat' dir='ltr'><strong>lccuns</strong></span> <span class='ocrx_word' id='word_1_62' title='bbox 688 1511 745 1573; x_wconf 90' lang='lat' dir='ltr'><strong>est</strong></span> <span class='ocrx_word' id='word_1_63' title='bbox 771 1523 887 1596; x_wconf 91' lang='lat' dir='ltr'><strong>usque</strong></span> <span class='ocrx_word' id='word_1_64' title='bbox 914 1496 1096 1572; x_wconf 83' lang='lat' dir='ltr'><strong>adfinem</strong></span> <span class='ocrx_word' id='word_1_65' title='bbox 1124 1500 1228 1595; x_wconf 86' lang='lat' dir='ltr'><strong>cujus</strong></span> <span class='ocrx_word' id='word_1_66' title='bbox 1255 1501 1546 1598; x_wconf 85' lang='lat' dir='ltr'><strong>supplementum</strong></span> 
     </span>
     <span class='ocr_line' id='line_1_9' title="bbox 151 1617 1544 1717; baseline 0.003 -23"><span class='ocrx_word' id='word_1_67' title='bbox 151 1619 270 1696; x_wconf 89' lang='lat' dir='ltr'><strong>minus</strong></span> <span class='ocrx_word' id='word_1_68' title='bbox 297 1619 455 1695; x_wconf 84' lang='lat' dir='ltr'><strong>feliciter</strong></span> <span class='ocrx_word' id='word_1_69' title='bbox 484 1619 644 1694; x_wconf 86' lang='lat' dir='ltr'><strong>tentavit.</strong></span> <span class='ocrx_word' id='word_1_70' title='bbox 705 1621 749 1693; x_wconf 92' lang='lat' dir='ltr'><strong>In</strong></span> <span class='ocrx_word' id='word_1_71' title='bbox 767 1644 799 1693; x_wconf 91' lang='lat' dir='ltr'><strong>v.</strong></span> <span class='ocrx_word' id='word_1_72' title='bbox 817 1621 850 1692; x_wconf 88' lang='grc'><strong>4.</strong></span> <span class='ocrx_word' id='word_1_73' title='bbox 869 1617 958 1717; x_wconf 89' lang='lat' dir='ltr'><strong>legit</strong></span> <span class='ocrx_word' id='word_1_74' title='bbox 986 1623 1242 1694; x_wconf 82' lang='grc' dir='ltr'><strong>ΕΚΑΤΕΡΟΝ.</strong></span> <span class='ocrx_word' id='word_1_75' title='bbox 1298 1621 1343 1693; x_wconf 92' lang='lat' dir='ltr'><strong>In</strong></span> <span class='ocrx_word' id='word_1_76' title='bbox 1371 1623 1404 1694; x_wconf 82' lang='lat'><strong>5.</strong></span> <span class='ocrx_word' id='word_1_77' title='bbox 1423 1629 1544 1709; x_wconf 87' lang='grc' dir='ltr'>ΣΙΑΝ,</span> 
     </span>
    </p>
   </div>
   <div class='ocr_carea' id='block_1_3' title="bbox 152 1735 1545 1844">
    <p class='ocr_par' dir='ltr' id='par_1_4' title="bbox 152 1735 1545 1844">
     <span class='ocr_line' id='line_1_10' title="bbox 152 1735 1545 1844; baseline 0.001 -23"><span class='ocrx_word' id='word_1_78' title='bbox 152 1745 250 1842; x_wconf 89' lang='lat' dir='ltr'><strong>quod</strong></span> <span class='ocrx_word' id='word_1_79' title='bbox 268 1745 396 1844; x_wconf 85' lang='lat' dir='ltr'><strong>explet</strong></span> <span class='ocrx_word' id='word_1_80' title='bbox 407 1745 466 1818; x_wconf 89' lang='lat' dir='ltr'><strong>Fr.</strong></span> <span class='ocrx_word' id='word_1_81' title='bbox 481 1735 646 1838; x_wconf 78' lang='grc' dir='ltr'>ἡμίσιαν,</span> <span class='ocrx_word' id='word_1_82' title='bbox 662 1745 702 1818; x_wconf 92' lang='lat' dir='ltr'><strong>id</strong></span> <span class='ocrx_word' id='word_1_83' title='bbox 715 1757 779 1828; x_wconf 89' lang='lat' dir='ltr'><strong>est,</strong></span> <span class='ocrx_word' id='word_1_84' title='bbox 797 1737 971 1837; x_wconf 76' lang='grc' dir='ltr'>ἡμίσειαν</span> <span class='ocrx_word' id='word_1_85' title='bbox 990 1737 1142 1844; x_wconf 82' lang='grc' dir='ltr'>(μερίδα</span> <span class='ocrx_word' id='word_1_86' title='bbox 1159 1771 1185 1819; x_wconf 91' lang='lat' dir='ltr'><strong>s.</strong></span> <span class='ocrx_word' id='word_1_87' title='bbox 1203 1743 1369 1842; x_wconf 85' lang='grc' dir='ltr'>μοῖραν),</span> <span class='ocrx_word' id='word_1_88' title='bbox 1382 1771 1429 1820; x_wconf 88' lang='lat' dir='ltr'><strong>sc.</strong></span> <span class='ocrx_word' id='word_1_89' title='bbox 1444 1746 1545 1824; x_wconf 90' lang='lat' dir='ltr'><strong>dimi-</strong></span> 
     </span>
    </p>
   </div>
   <div class='ocr_carea' id='block_1_4' title="bbox 153 1859 1659 1966">
    <p class='ocr_par' dir='ltr' id='par_1_5' title="bbox 153 1859 1659 1966">
     <span class='ocr_line' id='line_1_11' title="bbox 153 1859 1659 1966; baseline -0.001 -26"><span class='ocrx_word' id='word_1_90' title='bbox 153 1866 247 1942; x_wconf 82' lang='lat' dir='ltr'><strong>dium</strong></span> <span class='ocrx_word' id='word_1_91' title='bbox 264 1878 406 1966; x_wconf 79' lang='lat' dir='ltr'><strong>purtem</strong></span> <span class='ocrx_word' id='word_1_92' title='bbox 426 1865 583 1963; x_wconf 85' lang='lat' dir='ltr'><strong>sepulcri</strong></span> <span class='ocrx_word' id='word_1_93' title='bbox 595 1888 703 1961; x_wconf 84' lang='lat' dir='ltr'><strong>quam</strong></span> <span class='ocrx_word' id='word_1_94' title='bbox 713 1861 910 1938; x_wconf 86' lang='lat' dir='ltr'><strong>heredibus</strong></span> <span class='ocrx_word' id='word_1_95' title='bbox 927 1859 1038 1937; x_wconf 90' lang='lat' dir='ltr'><strong>fuisse</strong></span> <span class='ocrx_word' id='word_1_96' title='bbox 1056 1861 1236 1937; x_wconf 80' lang='lat' dir='ltr'><strong>addictum</strong></span> <span class='ocrx_word' id='word_1_97' title='bbox 1253 1864 1421 1960; x_wconf 83' lang='lat' dir='ltr'><strong>opinetur</strong></span> <span class='ocrx_word' id='word_1_98' title='bbox 1438 1891 1470 1938; x_wconf 88' lang='lat' dir='ltr'><strong>v.</strong></span> <span class='ocrx_word' id='word_1_99' title='bbox 1485 1866 1518 1940; x_wconf 93' lang='lat' dir='ltr'><strong>d.</strong></span> <span class='ocrx_word' id='word_1_100' title='bbox 1654 1873 1659 1884; x_wconf 90' lang='lat'>&#39;</span> 
     </span>
    </p>
   </div>
   <div class='ocr_carea' id='block_1_5' title="bbox 726 2124 972 2201">
    <p class='ocr_par' dir='ltr' id='par_1_6' title="bbox 726 2124 972 2201">
     <span class='ocr_line' id='line_1_12' title="bbox 726 2124 972 2201; baseline -0.016 0"><span class='ocrx_word' id='word_1_101' title='bbox 726 2124 912 2201; x_wconf 84' lang='lat' dir='ltr'>CXXIX.</span> <span class='ocrx_word' id='word_1_102' title='bbox 939 2125 972 2198; x_wconf 90' lang='lat' dir='ltr'><strong>b.</strong></span> 
     </span>
    </p>
   </div>
   <div class='ocr_carea' id='block_1_6' title="bbox 503 2329 1200 2626">
    <p class='ocr_par' dir='ltr' id='par_1_7' title="bbox 503 2329 1200 2626">
     <span class='ocr_line' id='line_1_13' title="bbox 504 2329 1102 2404; baseline -0.01 -1"><span class='ocrx_word' id='word_1_103' title='bbox 504 2329 1102 2404; x_wconf 77' lang='grc' dir='ltr'>ΚΟΥΡΙΔΗΕΔΕΙΟΥΚΑΤΕΕΚΕΥ</span> 
     </span>
     <span class='ocr_line' id='line_1_14' title="bbox 505 2438 1200 2513; baseline -0.003 -3"><span class='ocrx_word' id='word_1_104' title='bbox 505 2438 1200 2513; x_wconf 67' lang='grc' dir='ltr'>ΑΕΕΝΤΟΗΡΩΟΝΕΑΥΤΘΚΑΙΤΟΙΙΞ</span> 
     </span>
     <span class='ocr_line' id='line_1_15' title="bbox 503 2551 959 2626; baseline 0 -1"><span class='ocrx_word' id='word_1_105' title='bbox 503 2551 959 2626; x_wconf 77' lang='grc' dir='ltr'>ΚΛΗΡΟΝΟΜΟΙΙΞΜΟΥ</span> 
     </span>
    </p>
   </div>
   <div class='ocr_carea' id='block_1_7' title="bbox 155 2741 1543 2972">
    <p class='ocr_par' dir='ltr' id='par_1_8' title="bbox 155 2741 1543 2972">
     <span class='ocr_line' id='line_1_16' title="bbox 155 2741 1543 2854; baseline -0.002 -28"><span class='ocrx_word' id='word_1_106' title='bbox 155 2751 345 2854; x_wconf 73' lang='grc' dir='ltr'>Κουρίδηε</span> <span class='ocrx_word' id='word_1_107' title='bbox 357 2746 472 2830; x_wconf 83' lang='grc' dir='ltr'>Δείου</span> <span class='ocrx_word' id='word_1_108' title='bbox 491 2744 769 2829; x_wconf 79' lang='grc' dir='ltr'>κατεσκεύασεν</span> <span class='ocrx_word' id='word_1_109' title='bbox 782 2743 826 2827; x_wconf 81' lang='grc' dir='ltr'><strong>τὸ</strong></span> <span class='ocrx_word' id='word_1_110' title='bbox 841 2747 964 2854; x_wconf 79' lang='grc' dir='ltr'>ἡρῷον</span> <span class='ocrx_word' id='word_1_111' title='bbox 978 2748 1099 2854; x_wconf 74' lang='grc' dir='ltr'>ἑαυτῷ</span> <span class='ocrx_word' id='word_1_112' title='bbox 1120 2748 1277 2836; x_wconf 81' lang='grc' dir='ltr'>καὶτοῖς</span> <span class='ocrx_word' id='word_1_113' title='bbox 1296 2741 1543 2850; x_wconf 82' lang='grc' dir='ltr'>κληρονόμοις</span> 
     </span>
     <span class='ocr_line' id='line_1_17' title="bbox 808 2906 893 2972; baseline -0.012 -21"><span class='ocrx_word' id='word_1_114' title='bbox 808 2906 893 2972; x_wconf 89' lang='grc' dir='ltr'><strong>μου.</strong></span> 
     </span>
    </p>
   </div>
   <div class='ocr_carea' id='block_1_8' title="bbox 150 3063 1543 4100">
    <p class='ocr_par' dir='ltr' id='par_1_9' title="bbox 152 3063 1543 3405">
     <span class='ocr_line' id='line_1_18' title="bbox 227 3063 1543 3162; baseline -0.003 -22"><span class='ocrx_word' id='word_1_115' title='bbox 227 3063 375 3140; x_wconf 85' lang='lat' dir='ltr'><strong>Titulus</strong></span> <span class='ocrx_word' id='word_1_116' title='bbox 392 3064 594 3162; x_wconf 86' lang='lat' dir='ltr'><strong>descriptus</strong></span> <span class='ocrx_word' id='word_1_117' title='bbox 612 3064 658 3138; x_wconf 89' lang='lat' dir='ltr'><strong>de</strong></span> <span class='ocrx_word' id='word_1_118' title='bbox 676 3063 843 3162; x_wconf 86' lang='lat' dir='ltr'><strong>sepulcro</strong></span> <span class='ocrx_word' id='word_1_119' title='bbox 869 3063 908 3137; x_wconf 87' lang='lat' dir='ltr'><strong>in</strong></span> <span class='ocrx_word' id='word_1_120' title='bbox 937 3088 1028 3161; x_wconf 89' lang='lat' dir='ltr'><strong>rupe</strong></span> <span class='ocrx_word' id='word_1_121' title='bbox 1055 3063 1163 3160; x_wconf 80' lang='lat' dir='ltr'><strong>quale</strong></span> <span class='ocrx_word' id='word_1_122' title='bbox 1189 3075 1409 3138; x_wconf 79' lang='lat' dir='ltr'><strong>memoretur</strong></span> <span class='ocrx_word' id='word_1_123' title='bbox 1436 3086 1543 3160; x_wconf 83' lang='lat' dir='ltr'><strong>supra</strong></span> 
     </span>
     <span class='ocr_line' id='line_1_19' title="bbox 152 3183 1543 3286; baseline -0.004 -26"><span class='ocrx_word' id='word_1_124' title='bbox 152 3187 190 3262; x_wconf 92' lang='lat' dir='ltr'><strong>in</strong></span> <span class='ocrx_word' id='word_1_125' title='bbox 216 3201 432 3286; x_wconf 79' lang='lat' dir='ltr'><strong>argumento</strong></span> <span class='ocrx_word' id='word_1_126' title='bbox 457 3213 493 3260; x_wconf 95' lang='lat' dir='ltr'><strong>n.</strong></span> <span class='ocrx_word' id='word_1_127' title='bbox 513 3209 640 3264; x_wconf 76' lang='lat' dir='ltr'><strong>cxxxv.</strong></span> <span class='ocrx_word' id='word_1_128' title='bbox 692 3186 852 3261; x_wconf 84' lang='lat' dir='ltr'><strong>Kurides</strong></span> <span class='ocrx_word' id='word_1_129' title='bbox 873 3185 938 3260; x_wconf 94' lang='lat' dir='ltr'><strong>Dii</strong></span> <span class='ocrx_word' id='word_1_130' title='bbox 966 3183 1062 3258; x_wconf 89' lang='lat' dir='ltr'><strong>filius</strong></span> <span class='ocrx_word' id='word_1_131' title='bbox 1089 3184 1242 3258; x_wconf 92' lang='lat' dir='ltr'><strong>heroum</strong></span> <span class='ocrx_word' id='word_1_132' title='bbox 1259 3193 1489 3260; x_wconf 76' lang='lat' dir='ltr'><strong>exstruxerat</strong></span> <span class='ocrx_word' id='word_1_133' title='bbox 1505 3183 1543 3255; x_wconf 90' lang='lat' dir='ltr'><strong>in</strong></span> 
     </span>
     <span class='ocr_line' id='line_1_20' title="bbox 153 3307 658 3405; baseline 0 -25"><span class='ocrx_word' id='word_1_134' title='bbox 153 3333 261 3384; x_wconf 91' lang='lat' dir='ltr'><strong>suum</strong></span> <span class='ocrx_word' id='word_1_135' title='bbox 277 3307 525 3405; x_wconf 89' lang='lat' dir='ltr'><strong>heredumque</strong></span> <span class='ocrx_word' id='word_1_136' title='bbox 542 3332 658 3382; x_wconf 87' lang='lat' dir='ltr'><strong>usum.</strong></span> 
     </span>
    </p>

    <p class='ocr_par' dir='ltr' id='par_1_10' title="bbox 150 3425 1542 4100">
     <span class='ocr_line' id='line_1_21' title="bbox 226 3425 1539 3528; baseline -0.003 -26"><span class='ocrx_word' id='word_1_137' title='bbox 226 3427 492 3528; x_wconf 84' lang='lat' dir='ltr'><strong>Apogrsphum</strong></span> <span class='ocrx_word' id='word_1_138' title='bbox 509 3428 557 3503; x_wconf 84' lang='lat' dir='ltr'><strong>sd</strong></span> <span class='ocrx_word' id='word_1_139' title='bbox 573 3453 632 3503; x_wconf 89' lang='lat' dir='ltr'><strong>me</strong></span> <span class='ocrx_word' id='word_1_140' title='bbox 648 3429 746 3503; x_wconf 88' lang='lat' dir='ltr'><strong>misit</strong></span> <span class='ocrx_word' id='word_1_141' title='bbox 763 3428 963 3502; x_wconf 85' lang='lat' dir='ltr'><strong>Borrellius</strong></span> <span class='ocrx_word' id='word_1_142' title='bbox 980 3452 1028 3501; x_wconf 88' lang='lat' dir='ltr'><strong>ex</strong></span> <span class='ocrx_word' id='word_1_143' title='bbox 1041 3427 1183 3502; x_wconf 89' lang='lat' dir='ltr'><strong>schedis</strong></span> <span class='ocrx_word' id='word_1_144' title='bbox 1201 3425 1384 3500; x_wconf 83' lang='lat' dir='ltr'><strong>Rossianis</strong></span> <span class='ocrx_word' id='word_1_145' title='bbox 1401 3425 1440 3504; x_wconf 89' lang='lat' dir='ltr'><strong>in</strong></span> <span class='ocrx_word' id='word_1_146' title='bbox 1457 3449 1539 3520; x_wconf 88' lang='lat' dir='ltr'><strong>quo,</strong></span> 
     </span>
     <span class='ocr_line' id='line_1_22' title="bbox 151 3542 1541 3647; baseline -0.003 -26"><span class='ocrx_word' id='word_1_147' title='bbox 151 3551 781 3647; x_wconf 73' lang='lat' dir='ltr'><strong>v.l.‚reperiol&lt;0YNAH1AElON.</strong></span> <span class='ocrx_word' id='word_1_148' title='bbox 805 3549 938 3624; x_wconf 85' lang='lat' dir='ltr'><strong>Cetera</strong></span> <span class='ocrx_word' id='word_1_149' title='bbox 947 3559 1054 3622; x_wconf 85' lang='lat' dir='ltr'><strong>recte.</strong></span> <span class='ocrx_word' id='word_1_150' title='bbox 1072 3547 1222 3622; x_wconf 85' lang='lat' dir='ltr'><strong>Editum</strong></span> <span class='ocrx_word' id='word_1_151' title='bbox 1232 3542 1541 3622; x_wconf 65' lang='lat' dir='ltr'><strong>’sideoel‘runzioh</strong></span> 
     </span>
     <span class='ocr_line' id='line_1_23' title="bbox 151 3665 1542 3768; baseline -0.001 -26"><span class='ocrx_word' id='word_1_152' title='bbox 151 3693 199 3743; x_wconf 91' lang='lat' dir='ltr'><strong>ex</strong></span> <span class='ocrx_word' id='word_1_153' title='bbox 227 3667 457 3758; x_wconf 64' lang='lat' dir='ltr'><strong>melchiade</strong></span> <span class='ocrx_word' id='word_1_154' title='bbox 484 3670 684 3744; x_wconf 89' lang='lat' dir='ltr'><strong>secundum</strong></span> <span class='ocrx_word' id='word_1_155' title='bbox 712 3669 899 3768; x_wconf 77' lang='lat' dir='ltr'><strong>exemplar</strong></span> <span class='ocrx_word' id='word_1_156' title='bbox 916 3667 1124 3760; x_wconf 84' lang='lat' dir='ltr'><strong>Beuuforfii,</strong></span> <span class='ocrx_word' id='word_1_157' title='bbox 1141 3667 1207 3740; x_wconf 91' lang='lat' dir='ltr'><strong>ubi</strong></span> <span class='ocrx_word' id='word_1_158' title='bbox 1221 3678 1325 3740; x_wconf 87' lang='lat' dir='ltr'><strong>notes</strong></span> <span class='ocrx_word' id='word_1_159' title='bbox 1342 3665 1542 3740; x_wconf 85' lang='lat' dir='ltr'><strong>inconstan-</strong></span> 
     </span>
     <span class='ocr_line' id='line_1_24' title="bbox 150 3784 1542 3864; baseline 0 -4"><span class='ocrx_word' id='word_1_160' title='bbox 150 3787 239 3860; x_wconf 82' lang='lat' dir='ltr'><strong>tium</strong></span> <span class='ocrx_word' id='word_1_161' title='bbox 261 3785 300 3858; x_wconf 93' lang='lat' dir='ltr'><strong>in</strong></span> <span class='ocrx_word' id='word_1_162' title='bbox 326 3784 442 3859; x_wconf 80' lang='lat' dir='ltr'><strong>formu</strong></span> <span class='ocrx_word' id='word_1_163' title='bbox 467 3786 583 3860; x_wconf 84' lang='lat' dir='ltr'><strong>literae</strong></span> <span class='ocrx_word' id='word_1_164' title='bbox 605 3793 651 3861; x_wconf 87' lang='grc' dir='ltr'><strong>Σ.</strong></span> <span class='ocrx_word' id='word_1_165' title='bbox 707 3789 791 3861; x_wconf 83' lang='grc' dir='ltr'><strong>Ηοο</strong></span> <span class='ocrx_word' id='word_1_166' title='bbox 818 3797 944 3861; x_wconf 76' lang='lat' dir='ltr'><strong>contra</strong></span> <span class='ocrx_word' id='word_1_167' title='bbox 969 3787 1079 3860; x_wconf 90' lang='lat' dir='ltr'><strong>fidem</strong></span> <span class='ocrx_word' id='word_1_168' title='bbox 1106 3787 1302 3864; x_wconf 82' lang='lat' dir='ltr'><strong>marmoris.</strong></span> <span class='ocrx_word' id='word_1_169' title='bbox 1355 3787 1471 3859; x_wconf 89' lang='lat' dir='ltr'><strong>Porro</strong></span> <span class='ocrx_word' id='word_1_170' title='bbox 1494 3812 1542 3860; x_wconf 87' lang='lat' dir='ltr'><strong>ex</strong></span> 
     </span>
     <span class='ocr_line' id='line_1_25' title="bbox 153 3904 1541 4004; baseline 0 -25"><span class='ocrx_word' id='word_1_171' title='bbox 153 3910 385 3981; x_wconf 83' lang='grc' dir='ltr'>ΚΟΥΝΔΗΣ</span> <span class='ocrx_word' id='word_1_172' title='bbox 400 3904 505 4004; x_wconf 88' lang='lat' dir='ltr'><strong>fingit</strong></span> <span class='ocrx_word' id='word_1_173' title='bbox 521 3931 553 3977; x_wconf 89' lang='lat' dir='ltr'><strong>v.</strong></span> <span class='ocrx_word' id='word_1_174' title='bbox 566 3905 600 3978; x_wconf 95' lang='lat' dir='ltr'><strong>d.</strong></span> <span class='ocrx_word' id='word_1_175' title='bbox 622 3909 845 3980; x_wconf 85' lang='grc' dir='ltr'>ΚΟΥΑΛΗΣ</span> <span class='ocrx_word' id='word_1_176' title='bbox 862 3929 911 3978; x_wconf 90' lang='lat' dir='ltr'><strong>ex</strong></span> <span class='ocrx_word' id='word_1_177' title='bbox 928 3905 1069 3979; x_wconf 90' lang='lat' dir='ltr'><strong>monitu</strong></span> <span class='ocrx_word' id='word_1_178' title='bbox 1086 3904 1183 3978; x_wconf 86' lang='lat' dir='ltr'><strong>tituli</strong></span> <span class='ocrx_word' id='word_1_179' title='bbox 1200 3930 1308 4001; x_wconf 92' lang='lat' dir='ltr'><strong>quem</strong></span> <span class='ocrx_word' id='word_1_180' title='bbox 1318 3905 1430 3980; x_wconf 90' lang='lat' dir='ltr'><strong>refert</strong></span> <span class='ocrx_word' id='word_1_181' title='bbox 1446 3907 1541 3980; x_wconf 86' lang='lat' dir='ltr'><strong>inter</strong></span> 
     </span>
     <span class='ocr_line' id='line_1_26' title="bbox 151 4023 719 4100; baseline -0.004 0"><span class='ocrx_word' id='word_1_182' title='bbox 151 4023 441 4100; x_wconf 71' lang='lat' dir='ltr'><strong>Hamaxiensed:</strong></span> <span class='ocrx_word' id='word_1_183' title='bbox 471 4027 555 4100; x_wconf 83' lang='lat' dir='ltr'><strong>satis</strong></span> <span class='ocrx_word' id='word_1_184' title='bbox 572 4026 719 4100; x_wconf 85' lang='lat' dir='ltr'><strong>incerte.</strong></span> 
     </span>
    </p>
   </div>
   <div class='ocr_carea' id='block_1_9' title="bbox 190 4274 1391 4537">
    <p class='ocr_par' dir='ltr' id='par_1_11' title="bbox 190 4274 1391 4537">
     <span class='ocr_line' id='line_1_27' title="bbox 190 4274 1391 4356; baseline 0 -18"><span class='ocrx_word' id='word_1_185' title='bbox 190 4283 205 4324; x_wconf 79' lang='lat'><em>¹</em></span> <span class='ocrx_word' id='word_1_186' title='bbox 219 4278 328 4338; x_wconf 74' lang='lat' dir='ltr'><strong>Fuscic.</strong></span> <span class='ocrx_word' id='word_1_187' title='bbox 341 4279 395 4336; x_wconf 86' lang='lat' dir='ltr'><strong>ubi</strong></span> <span class='ocrx_word' id='word_1_188' title='bbox 409 4298 473 4356; x_wconf 90' lang='lat' dir='ltr'><strong>sup.</strong></span> <span class='ocrx_word' id='word_1_189' title='bbox 486 4299 514 4356; x_wconf 91' lang='lat' dir='ltr'><strong>p.</strong></span> <span class='ocrx_word' id='word_1_190' title='bbox 524 4279 590 4342; x_wconf 87' lang='grc'><strong>207.</strong></span> <span class='ocrx_word' id='word_1_191' title='bbox 604 4297 633 4335; x_wconf 89' lang='lat' dir='ltr'><strong>n.</strong></span> <span class='ocrx_word' id='word_1_192' title='bbox 642 4279 728 4336; x_wconf 87' lang='grc'><strong>4428.</strong></span> <span class='ocrx_word' id='word_1_193' title='bbox 915 4274 922 4316; x_wconf 71' lang='lat'><em>⁵</em></span> <span class='ocrx_word' id='word_1_194' title='bbox 937 4275 1011 4336; x_wconf 91' lang='lat' dir='ltr'><strong>Ibid.</strong></span> <span class='ocrx_word' id='word_1_195' title='bbox 1026 4296 1053 4335; x_wconf 88' lang='lat' dir='ltr'><strong>u.</strong></span> <span class='ocrx_word' id='word_1_196' title='bbox 1064 4279 1151 4336; x_wconf 89' lang='grc'><strong>4403.</strong></span> <span class='ocrx_word' id='word_1_197' title='bbox 1173 4277 1255 4336; x_wconf 79' lang='lat' dir='ltr'><strong>Cous.</strong></span> <span class='ocrx_word' id='word_1_198' title='bbox 1265 4297 1293 4336; x_wconf 80' lang='lat' dir='ltr'><strong>m</strong></span> <span class='ocrx_word' id='word_1_199' title='bbox 1304 4281 1391 4344; x_wconf 87' lang='grc'><strong>4409.</strong></span> 
     </span>
     <span class='ocr_line' id='line_1_28' title="bbox 190 4375 761 4456; baseline -0.004 -20"><span class='ocrx_word' id='word_1_200' title='bbox 190 4375 205 4413; x_wconf 72' lang='grc'><em>“</em></span> <span class='ocrx_word' id='word_1_201' title='bbox 220 4377 289 4436; x_wconf 78' lang='lat' dir='ltr'><strong>vot</strong></span> <span class='ocrx_word' id='word_1_202' title='bbox 301 4393 346 4436; x_wconf 86' lang='lat' dir='ltr'><strong>m.</strong></span> <span class='ocrx_word' id='word_1_203' title='bbox 361 4377 468 4437; x_wconf 77' lang='lat' dir='ltr'><strong>Fsseic.</strong></span> <span class='ocrx_word' id='word_1_204' title='bbox 479 4395 499 4436; x_wconf 85' lang='lat'><strong>1.</strong></span> <span class='ocrx_word' id='word_1_205' title='bbox 513 4398 541 4456; x_wconf 92' lang='lat' dir='ltr'><strong>p.</strong></span> <span class='ocrx_word' id='word_1_206' title='bbox 552 4375 620 4437; x_wconf 89' lang='grc'><strong>206.</strong></span> <span class='ocrx_word' id='word_1_207' title='bbox 636 4396 665 4434; x_wconf 90' lang='lat' dir='ltr'><strong>n.</strong></span> <span class='ocrx_word' id='word_1_208' title='bbox 674 4379 761 4435; x_wconf 87' lang='grc'><strong>4424.</strong></span> 
     </span>
     <span class='ocr_line' id='line_1_29' title="bbox 814 4475 869 4537; baseline -0.018 0"><span class='ocrx_word' id='word_1_209' title='bbox 814 4492 834 4537; x_wconf 94' lang='grc' dir='ltr'>ο</span> <span class='ocrx_word' id='word_1_210' title='bbox 850 4475 869 4536; x_wconf 90' lang='grc'><strong>2</strong></span> 
     </span>
    </p>
   </div>
   <div class='ocr_carea' id='block_1_10' title="bbox 0 0 2000 5240">
    <p class='ocr_par' dir='ltr' id='par_1_12' title="bbox 0 0 2000 5240">
     <span class='ocr_line' id='line_1_30' title="bbox 0 0 2000 5240; baseline 0 1"><span class='ocrx_word' id='word_1_211' title='bbox 0 0 2000 5240; x_wconf 95' lang='lat' dir='ltr'><strong> </strong></span> 
     </span>
    </p>
   </div>
  </div>
 </body>
</html>
