3972 5240
453 577 514 642 206
859 573 1215 641 INSCRIPTIONES
1237 573 1429 641 GRAEOAE.
1494 575 1839 662 [mecmxxrvrrscu.

453 765 633 864 ligandam
666 788 757 849 reor,
785 762 850 836 sed
867 763 926 836 vel
943 765 991 837 ob
1007 761 1100 836 hano
1118 787 1261 838 oausam
1291 763 1373 860 plus
1401 761 1494 860 sapit
1520 759 1688 836 decorem
1707 763 1836 862 Byzan·

453 887 579 958 tinum.
647 885 782 956 Nostro
811 881 909 956 favet
937 883 1061 981 magis,
1091 885 1130 955 in
1157 883 1273 980 prima
1301 895 1403 980 parte
1430 881 1566 974 saltem,
1597 881 1834 980 apographum

456 1001 643 1078 Turneri‘:
669 1003 733 1078 sed
750 1002 938 1078 fatendum
955 1017 1010 1077 est
1027 1003 1200 1076 lectiones
1219 1001 1579 1102 Choiseulgouffierii,
1597 1027 1687 1100 quas
1712 1003 1749 1076 in
1773 1004 1836 1100 pri·

454 1132 521 1205 mis
556 1143 730 1228 sequutus
764 1141 820 1203 est
853 1127 1047 1216 B'ookhius,
1081 1130 1281 1203 accuratius
1313 1119 1529 1228 ἰσοψηφίαν
1563 1126 1658 1200 infra
1685 1141 1834 1201 notatam

454 1259 667 1356 exprimere.
721 1256 785 1330 Ad
802 1281 930 1330 vocem
948 1255 986 1328 in
998 1281 1031 1328 v,
1043 1259 1077 1330 4.
1096 1281 1144 1329 sc.
1174 1243 1399 1350 μετριότητι,
1427 1249 1646 1324 conferenda
1662 1262 1835 1347 suntque

454 1377 499 1450 de
521 1375 677 1452 formula
705 1377 800 1452 inter
829 1375 1050 1474 Byzantinos
1079 1375 1210 1448 usitata
1239 1371 1379 1446 notavit
1408 1369 1577 1445 Suicerus
1607 1370 1646 1442 in
1667 1370 1834 1446 lltrsooro

454 1496 718 1574 Ecclesiasreoz

531 1616 640 1710 Quod
669 1615 716 1689 ad
741 1613 879 1688 litteras
907 1611 1109 1686 numerales
1126 1609 1291 1684 versibus
1322 1608 1472 1708 singulis
1501 1608 1681 1706 appositas
1708 1609 1745 1682 in
1772 1609 1832 1682 hoo

454 1735 570 1823 titulo,
601 1749 637 1808 et
668 1733 784 1807 tribus
819 1731 872 1831 (1.
896 1733 930 1803 4.
958 1729 1008 1828 7)
1027 1729 1065 1802 in
1088 1751 1206 1816 xxm..
1234 1727 1372 1814 attinet,
1393 1751 1555 1825 quasque
1582 1727 1743 1828 epocham
1758 1727 1832 1802 defi-

454 1857 531 1928 nire
554 1855 694 1950 conjeci
720 1855 758 1927 in
784 1866 871 1927 nota
887 1851 934 1926 ad
951 1877 983 1924 v.
1009 1853 1051 1937 5,
1078 1850 1299 1925 simillimum
1324 1849 1403 1922 veri
1420 1847 1589 1922 existimo
1605 1847 1765 1922 indicare
1781 1871 1831 1922 eas

454 1973 683 2080 ἰσοψηφίαν,
695 1978 865 2052 nimirum
877 1976 1118 2072 aequalitatem
1131 1974 1353 2049 numeralem
1370 1974 1409 2048 in
1422 1972 1587 2046 versibus
1603 1972 1737 2069 quibus
1749 1985 1831 2072 post
1955 2053 1956 2078 χ

453 2101 586 2197 positas
603 2099 786 2174 habemus.
839 2095 1088 2172 Consimiliter
1104 2119 1142 2168 se
1159 2120 1218 2168 res
1240 2094 1350 2168 habet
1367 2094 1405 2167 in
1422 2093 1475 2167 tit.
1494 2115 1632 2180 ccvm,
1649 2093 1716 2168 ubi
1733 2093 1830 2168 series

453 2218 586 2315 triplex
603 2216 844 2299 constituitur,
863 2239 910 2286 se.
932 2215 1025 2298 1-4,
1039 2237 1121 2286 cum
1135 2212 1258 2286 valore
1276 2211 1502 2286 arithmetico
1522 2213 1628 2285 1726.
1647 2211 1744 2308 dein,
1757 2215 1827 2286 5-7.

452 2364 534 2413 cum
559 2341 667 2414 2156.
696 2350 733 2413 et
759 2339 866 2411 8-41.
896 2360 980 2409 eum
1006 2337 1124 2420 3000..
1148 2359 1256 2432 quam
1285 2357 1460 2407 summam
1487 2330 1686 2406 conficiunt
1714 2355 1827 2407 versus

450 2463 581 2561 partim
609 2461 752 2561 singuli,
780 2462 910 2558 partim
938 2459 1045 2533 etiam
1076 2459 1160 2533 bini.
1224 2458 1306 2532 Hae
1334 2457 1416 2556 lege
1445 2466 1618 2529 contexta
1643 2465 1828 2531 occurrunt

451 2583 624 2656 Leonidae
634 2579 879 2655 Alexandrini
892 2579 1149 2678 epigrammata
1159 2597 1677 2652 x1-rr1v.xw.xvnr.xx1.x1..
1691 2587 1825 2654 notante

449 2702 647 2778 Passoviol.

489 2892 635 2974 ‘Nempe
645 2905 826 2954 ΔΙΑΓΑΙΗΣ.
855 2896 1118 2973 Reliquaanostris
1208 2892 1409 2952 ”Handwort
1431 2892 1483 2950 der
1503 2892 1554 2950 Gr.
1573 2891 1638 2968 Spr.
1658 2891 1691 2949 in
1705 2897 1763 2948 voe.
1780 2885 1824 2946 ἰσί-

450 2995 622 3072 discrepant.
1168 2994 1263 3060 daos„
1299 3015 1327 3072 p.
1355 2997 1438 3053 1128.
1465 3013 1489 3050 a
1544 2993 1644 3070 Comp.
1676 2990 1822 3066 Antholog.

489 3096 502 3136 ⁸
517 3093 597 3151 Tem.
606 3109 637 3150 11.
652 3111 680 3170 p.
691 3090 756 3152 368.
767 3113 791 3150 a
1166 3091 1432 3173 (Jaoobe.)tom11.
1447 3111 1494 3170 pp.
1509 3090 1572 3156 174.
1583 3111 1620 3152 ee.
