3972 5240
157 626 262 670 isses.
281 627 362 684 cen,
374 608 472 696 coxa]
731 609 993 678 ASPENDUM.
1489 619 1550 685 209

157 806 225 878 τοῦ
245 797 419 903 θεάτρου,
447 802 507 881 καὶ
533 807 584 886 εἷς
603 797 646 883 τὸ
660 805 733 902 ,τῆς
750 798 896 888 πόλεως
916 803 1027 908 ἔργον
1047 802 1294 886 εὶσδεδωκότα
1317 804 1472 912 δηνάρια
1492 855 1508 868 -
1531 857 1544 870 ·

156 936 218 1012 καὶ
230 938 284 1016 εὶς
295 935 422 1036 άγῶνα
432 930 611 1036 γυμνικὸν
621 934 816 1038 γενέθλιον
827 943 894 1016 τοῦ
907 935 1063 1039 θεάτρου
1079 935 1329 1021 εἱσδεδωκότα
1339 943 1545 1046 τρια-χίλια,

157 1071 218 1148 καὶ
253 1075 305 1152 εἰς
343 1071 512 1178 εὔφημον
542 1072 747 1172 ἐκκλησίαν
777 1070 932 1176 δηνάρια
962 1074 1227 1179 ὀκτακισχίλια
1256 1121 1420 1136 ·····
1450 1071 1476 1178 ἧ
1508 1112 1546 1156 τε

159 1197 341 1305 νεωκόρος
359 1197 471 1287 πόλις
495 1204 569 1282 τῶν
594 1201 834 1283 Ἀσπενδίων
854 1204 1029 1306 ἐτίμησεν
1048 1205 1190 1290 εὐνοίας
1210 1206 1317 1286 ἕνεκα
1335 1210 1395 1286 καὶ
1412 1254 1546 1268 ·····

157 1329 343 1433 ἀγάπης·
364 1379 381 1392 ·
403 1381 416 1394 -
441 1331 650 1434 -Ῥωμαιόυ
672 1383 685 1396 -
710 1383 723 1396 -
748 1383 761 1396 -
782 1385 800 1398 -
818 1336 995 1418 πλείοσίν
1013 1371 1054 1418 τε
1073 1346 1139 1418 τοῦ
1159 1341 1255 1442 άρμο
1267 1385 1543 1401 ········

233 1551 382 1626 Titulus
411 1552 631 1628 honorificus
656 1554 703 1628 ad
732 1554 888 1628 eundem
915 1567 1077 1628 tenorem
1094 1537 1178 1628 cuni
1201 1569 1385 1653 praeeunte
1403 1581 1545 1654 compo-

157 1672 258 1744 situs.
312 1673 432 1746 Abest
449 1673 641 1747 exordium
657 1675 696 1748 in
714 1699 787 1772 quo
803 1674 899 1749 facta
915 1687 993 1748 erat
1014 1675 1151 1752 mentio
1170 1675 1322 1751 Senatus
1340 1676 1544 1774 Populique

156 1792 222 1886 qui
238 1789 366 1864 laudes
383 1792 618 1865 contulerant.
670 1794 715 1866 In
742 1793 903 1866 clausula
928 1792 1103 1868 habemus
1123 1793 1289 1890 quaedam
1310 1794 1439 1891 prioris
1465 1818 1545 1891 sup·

156 1911 350 2007 plementa„
369 1908 433 1982 sed
451 1909 569 1984 deleta
585 1909 676 1984 adeo
693 1923 736 1984 ut
756 1911 929 1985 lectiones
953 1912 1108 1986 sinceras
1125 1911 1269 1986 difficile
1286 1911 1481 1986 admodum
1498 1913 1545 1985 sit

155 2055 295 2104 eruere.
347 2029 485 2104 Civitas
502 2029 549 2104 ad
566 2055 674 2127 quam
689 2029 913 2128 pertinuerat
926 2029 1071 2104 videtur
1087 2029 1259 2129 appellari
1273 2031 1433 2106 Νοοοονο
1454 2032 1491 2104 in
1509 2057 1541 2103 v.

157 2154 189 2222 6.
243 2153 288 2224 ln
305 2177 338 2224 v.
361 2152 561 2248 penultimo
579 2151 800 2251 digammum
825 2152 941 2250 posui,
967 2177 1075 2248 quam
1102 2152 1202 2226 etin
1231 2153 1386 2226 nummis
1403 2153 1544 2250 Aspen·

155 2271 301 2346 diorum
319 2270 538 2360 Eckhelius¹‚
556 2273 625 2346 nisi
641 2271 736 2348 forte
748 2272 867 2372 (quod
883 2272 1105 2369 probabilius
1123 2272 1197 2369 est)
1211 2273 1258 2346 sit
1270 2297 1370 2346 error
1386 2272 1542 2370 lapidem

155 2393 250 2465 male
267 2390 432 2464 habitum
449 2391 641 2465 tractantis.

207 2513 441 2610 Descriptus
468 2524 524 2586 est
546 2511 592 2584 de
611 2509 872 2610 hyperthyn‘de
901 2522 1015 2608 portae
1041 2536 1123 2608 quae
1143 2512 1248 2586 alteri
1274 2512 1371 2587 unde
1395 2513 1541 2586 titulum

154 2657 254 2709 ccrx.
273 2633 381 2706 retuli
410 2631 659 2730 respondebat
720 2633 894 2728 Injuriam
928 2634 1097 2706 marmori
1129 2631 1261 2707 factam
1290 2633 1428 2707 velex
1462 2657 1543 2730 apa

152 2753 294 2853 grapho
304 2753 479 2828 Rossiano
489 2751 732 2840 intellexeris:
754 2756 1243 2827 ΗΝΩΝΛΘΕΔΟΡΟΥΡΧΗ
1260 2812 1277 2826 .
1294 2811 1312 2826 .
1324 2757 1474 2828 ΟΙΙΛΙΟ
1489 2812 1506 2826 .
1523 2812 1540 2826 .

155 2873 365 2949 ΠΑΤΡὟΚ
385 2932 403 2946 .
420 2931 437 2946 .
454 2931 472 2946 .
487 2877 591 2948 ΤΟΝ
614 2929 839 2946 .......
863 2878 943 2946 ter
942 2877 1011 2946 ΟΝ
1037 2884 1103 2948 etc.
1167 2873 1273 2960 Dein,
1294 2875 1333 2948 in
1361 2900 1394 2947 v.
1420 2877 1451 2948 3.
1480 2873 1540 2948 fin.

152 3000 311 3070 ΥΝΤΕΙ.
333 2995 373 3068 in
391 2998 423 3066 5.
441 3019 493 3091 pr.
509 2998 819 3068 ΕΛΤΙΟΥΑΓΑΠ.
876 2995 921 3066 In
938 2994 1066 3068 ceteris
1083 2995 1226 3092 pariter.

751 3297 887 3375 CCXI.
913 3325 943 3373 c.

386 3514 974 3589 ΚΕΙΜΕΝΩΚΟΣΜΩΖΗΝΩΝ

293 3624 939 3696 ΕΚΤΩΝΓΟΥΘΕΑΤΡΟΥΑΝΕΘΗ

295 3735 639 3805 turnucum,
659 3787 667 3805 .
686 3707 1238 3834 ,omorcrsreovllrnz

293 3809 1409 3942 ῲιιΜοιεκκκιιεικιιεκκτιῑκτοκιιτοιῑατοῑτιιυ

149 4054 166 4067 -
189 4052 206 4066 -
228 4051 244 4066 ·
265 4003 338 4089 σὺν
357 4009 409 4116 τῷ
430 4009 688 4118 προσκειμένῳ
707 4007 838 4117 κόσμῳ
859 4008 988 4111 Ζήνων
1007 4007 1206 4113 θεοδῶρου
1225 4008 1450 4115 ἀρχιτέκτων
1472 4017 1538 4088 τοῦ

148 4135 308 4242 θεάτρου
337 4139 526 4240 ἀνέθηκεν,
552 4139 613 4220 καὶ
641 4146 693 4225 είς
722 4142 848 4243 άγῶνα
875 4139 1055 4243 γυμνικόν
1073 4141 1267 4244 γενέθλιον
1286 4151 1352 4223 τοῦ
1381 4139 1538 4246 θεάτρου

552 4407 561 4441 ¹
582 4407 681 4466 Doctr.
694 4407 760 4466 Vct
775 4407 864 4466 Num.
879 4407 935 4468 vol
947 4424 989 4466 111.
1003 4427 1031 4485 p-
1042 4411 1069 4472 9.
1081 4427 1105 4465 ο.

214 4523 330 4586 ικερις.
348 4525 384 4570 ιι.
837 4507 856 4569 2
873 4525 893 4569 s
