4004 5264
395 561 439 626 50
805 557 1156 626 INSGRIPTIONES
1178 559 1369 627 GRAEGAE.
1403 560 1783 650 [menstruatarum.

396 753 557 849 Αἰνείου,
590 753 650 831 καὶ
681 753 842 848 Αίνείου,
873 754 934 833 καὶ
964 756 1029 853 τῆς
1058 749 1232 856 γυναικὸς
1262 753 1389 852 αὐτοῦ,
1421 753 1484 834 καὶ
1513 759 1587 836 τῶν
1617 761 1788 862 φυσικῶν

397 883 534 966 τέκνων
553 883 678 980 αὐτοῦ,
699 881 859 985 μηδενὸς
879 885 1030 991 ἔχοντος
1051 882 1231 992 ἐξουσίαν
1249 883 1374 964 ἄλλον
1393 881 1476 966 τινὰ
1507 883 1668 994 ἐνθιίφαι
1698 887 1786 991 μήτε

399 1023 450 1102 είς
474 1013 540 1098 τὸν
563 1013 693 1115 βωμὸν
722 1013 815 1118 μήτε
847 1021 898 1102 είς
928 1012 997 1118 τὴν
1021 1014 1153 1122 σορόν,
1174 1019 1254 1098 ἐπεὶ
1274 1019 1295 1098 ὁ
1315 1015 1482 1125 ἐνθύφας
1501 1016 1721 1101 ἀποτισάτω
1740 1023 1788 1127 τῷ

399 1147 582 1256 ἱερωτάτην
606 1149 742 1256 ταμείῳ
766 1145 922 1253 δηνάρια
946 1150 1120 1256 δισχίλια
1148 1146 1390 1232 πεντακόσια.
1448 1148 1595 1253 Ταύτης
1620 1156 1686 1253 τῆς
1713 1155 1787 1234 ε’τι-

398 1285 547 1388 γροφῆς
567 1280 726 1383 ἀπετέθη
747 1281 980 1387 ἀντίγραφον
994 1287 1045 1366 είς
1059 1277 1102 1362 τὸ
1121 1279 1408 1389 χρεωφυλύκιον
1420 1281 1480 1363 ἐπὶ
1495 1281 1788 1392 στεφανηφόρον

546 1413 589 1497 τὸ
611 1409 643 1496 θί
663 1413 884 1502 Ἀττοιλίδος
904 1419 970 1516 τῆς
991 1413 1265 1521 Μενεκράτους,
1284 1412 1401 1518 μηνὸς
1420 1417 1637 1520 Γορπιαίου.

475 1615 620 1688 Titulus
647 1626 882 1688 monumento
909 1615 1111 1712 insculptus
1129 1617 1267 1704 AEneae‚
1286 1617 1475 1715 abnepotis
1493 1617 1660 1707 Zenonis,
1677 1619 1789 1718 ipsius

397 1733 462 1806 filii
480 1735 699 1808 Artemonis.
752 1735 881 1808 Plures
898 1746 1144 1809 memorantur
1155 1735 1377 1833 sepulturam
1393 1738 1432 1810 in
1445 1762 1490 1812 eo
1502 1739 1619 1832 naeti3
1639 1738 1785 1828 Chares,

397 1867 500 1950 pater
527 1857 674 1948 AEneae3
715 1855 852 1931 Chares
880 1868 918 1929 et
944 1857 1076 1954 Appia,
1104 1857 1162 1929 avi
1183 1858 1282 1954 ejus3
1310 1855 1443 1956 Glyko,
1461 1858 1520 1932 vel
1554 1871 1704 1956 patruus
1730 1861 1789 1934 vel

396 1976 606 2051 avunculus.
659 1979 810 2052 Restant
841 1977 1047 2074 sepeliendi,
1065 1977 1197 2075 Appia,
1219 1989 1344 2062 mater,
1366 1978 1445 2075 ipse
1466 1979 1676 2074 conjuxque
1701 1980 1787 2076 ejus,

399 2107 438 2170 et
466 2097 573 2171 liberi
600 2100 646 2171 ab
676 2123 721 2172 eo
748 2099 923 2196 prognati.
975 2096 1125 2174 Claudit
1152 2099 1281 2172 seriem
1307 2097 1463 2173 formula
1490 2099 1656 2186 solennis,
1683 2100 1787 2173 inter-

398 2215 578 2304 dictionis,
604 2219 737 2304 multae,
755 2217 1014 2318 designationis
1041 2242 1106 2316 per
1134 2218 1469 2317 stephanephoriam
1490 2220 1671 2318 temporis,
1690 2219 1787 2317 quod

395 2340 612 2437 conjecerim
630 2338 742 2412 fuisse
761 2338 821 2410 vel
838 2336 1015 2411 Hadriani
1033 2338 1093 2412 vel
1110 2338 1391 2412 Antoninorum.

471 2460 658 2556 Descripsi
685 2459 732 2532 de
762 2482 868 2530 muro
889 2458 1114 2546 occidentali,
1132 2459 1229 2532 unde
1255 2460 1364 2556 paulo
1381 2471 1464 2533 ante
1482 2459 1723 2548 Ferrowsius‘,
1741 2483 1786 2532 ex

396 2581 501 2676 cujus
518 2580 613 2654 libro
631 2579 746 2653 edidit
763 2579 948 2655 Bdokhius
965 2581 1061 2656 inter
1077 2579 1288 2655 Addenda'.
1340 2582 1456 2655 Leott.
1470 2579 1620 2678 discrep.
1641 2591 1734 2666 sunt
1751 2580 1786 2651 in

395 2698 777 2774 uaframento.
800 2701 838 2774 in
861 2701 893 2774 3.
924 2707 1008 2787 ΕΣ,
1031 2701 1236 2798 pariterque
1259 2702 1297 2774 in
1315 2704 1526 2774 vv.10.13.
1580 2699 1729 2776 Claudit
1756 2725 1785 2772 v.

396 2820 460 2892 ult.
482 2827 508 2892 Γ
508 2824 734 2895 ΟΡΓΙΙΕΟΥ.
1047 2833 1049 2841 “

960 3021 1166 3095 LXXVII.
1196 3053 1223 3092 κ.

396 3197 446 3280 Ἡ
467 3197 584 3306 σορὸς
615 3204 676 3282 καὶ
707 3205 727 3282 ὀ
761 3201 888 3304 βωμὸς
911 3208 971 3286 καὶ
991 3209 1029 3286 αἱ
1055 3205 1235 3286 εὶσῶσται
1266 3201 1400 3286 καὶτὰ
1429 3205 1514 3310 περὶ
1544 3200 1639 3284 αὐτὰ
1667 3201 1787 3284 πάντα

397 3330 759 3435 κατεσκευάσθησαν
778 3337 840 3415 καὶ
859 3336 956 3416 εἰσὶν
975 3336 1152 3439 Τιβερίου
1170 3329 1332 3416 Ἰουλίου
1352 3333 1561 3434 Γλύκωνος,
1582 3333 1702 3422 καθὼς
1730 3339 1788 3416 καὶ

399 3462 460 3544 διὰ
485 3469 551 3566 τῆς
581 3465 782 3570 γενομένης
801 3464 984 3554 ἐκδόσεως
1003 3467 1065 3550 διὰ
1083 3477 1149 3549 τοῦ
1173 3470 1460 3576 χρεωφυλακίου
1485 3472 1678 3570 δηλοῦται,
1697 3471 1737 3549 ἐν
1764 3461 1787 3577 ᾗ

399 3599 504 3705 σορῷ
537 3597 806 3700 κηδευθὴσεται
825 3597 935 3686 αὐτός
954 3635 994 3682 τε
1014 3604 1035 3682 ὁ
1056 3598 1211 3682 Γλύκων
1240 3597 1264 3702 ἢ
1292 3594 1355 3685 οὓς
1374 3594 1420 3680 ἂν
1444 3596 1555 3686 αὐτὸς
1573 3603 1747 3708 βουληθῇ
1765 3597 1787 3701 ἢ

400 3731 630 3840 διατάξηται·
664 3737 704 3816 ἐν
729 3733 770 3815 δέ
800 3741 879 3820 ταῖς
910 3735 1110 3820 εὶσῶστοας
1134 3733 1427 3836 κηδευθήσονται
1459 3725 1522 3819 οὓς
1552 3726 1599 3812 ἂν
1629 3731 1788 3841 ἐνθᾰφοι

397 3869 571 3974 βουληθῇ
587 3869 607 3948 ὁ
632 3865 788 3948 Γλύκων
806 3863 830 3967 ἢ
853 3864 1050 3972 ἐγγράφως
1069 3868 1141 3947 τινὶ
1160 3863 1394 3972 συγχωρήσῃ
1414 3861 1437 3966 ἢ
1459 3862 1689 3972 διατύξηται·
1713 3866 1788 3946 ἕτε-

397 4030 464 4098 ρος
488 3993 529 4077 δέ
552 3999 671 4083 οὐδεὶς
691 3997 871 4106 ἐξουσίαν
891 3998 967 4106 ἕξει
993 3997 1153 4106 ἐνθοίφαι
1186 3997 1269 4081 τινὰ
1293 4001 1378 4080 οὕτε
1409 4004 1461 4084 εἱς
1479 3993 1548 4100 τὴν
1567 3993 1688 4102 σορὸν
1704 3999 1788 4079 οὔτε

398 4125 533 4214 εἰςτὰς
553 4130 738 4216 είσῶστας
767 4128 791 4232 ἦ
824 4124 886 4216 οὓς
920 4125 966 4212 ἂν
991 4125 1147 4212 Γλύκων
1166 4127 1276 4216 αὐτὸς
1308 4129 1379 4235 ζῶν
1409 4131 1583 4237 βουληθῇ
1614 4127 1785 4238 ε’νθοίφαι·

439 4352 454 4382 ¹
470 4348 603 4426 Append
616 4352 652 4409 A.
666 4371 694 4428 p.
704 4354 769 4412 352.
785 4372 812 4410 n
820 4355 868 4412 54.
1156 4357 1167 4390 1
1184 4349 1252 4428 Peg.
1267 4348 1350 4413 1117.
1364 4369 1392 4408 n.
1401 4347 1487 4412 2837.
1501 4347 1526 4406 b.
