3972 5240
414 584 478 648 220
775 577 1127 646 INSORIPTIONES
1150 576 1345 643 GRAECAE.
1369 577 1488 658 [mscn.
1502 589 1817 642 count-ccxxv.

413 770 483 842 nisi
500 770 546 842 sit
562 779 647 840 nota
664 766 903 840 distinctionis
920 765 1014 838 inter
1027 791 1144 852 voces,
1163 764 1287 863 quales
1305 789 1550 861 saepenumero
1567 766 1685 839 obviae
1711 769 1814 834 sunt.

414 887 556 963 Deinde
583 912 649 985 pro
666 892 844 959 ΔΙΠΛΙΙΑ
871 887 908 958 iu
936 885 1063 958 eodem
1082 910 1200 978 versu,
1218 883 1317 980 quod
1342 883 1417 956 fere
1448 896 1563 957 totum
1591 889 1815 960 evanuerat

413 1007 639 1082 inferendum
670 1008 798 1105 opinor
814 1013 1038 1081 ΔΗΝΑΡΙΑ.
1095 1009 1151 1079 De
1176 1007 1290 1078 multa
1318 1004 1474 1102 quadam
1500 1005 1649 1079 fortasse
1677 1021 1816 1076 sermo

415 1149 470 1207 est
497 1134 541 1206 iis
568 1134 631 1230 qui
659 1145 797 1230 portam
828 1147 864 1204 ct
890 1121 1088 1204 ulciscerer
1112 1133 1189 1228 ejus
1217 1131 1310 1204 mele
1338 1133 1569 1207 tractaverint
1595 1121 1815 1230 irroganda5

415 1257 547 1355 quippe
562 1267 741 1354 praeeunte
760 1245 955 1348 ἐπακτόν“”;
983 1255 1047 1328 sed
1063 1255 1134 1330 hoc
1151 1256 1335 1329 incertum.
1383 1255 1516 1330 Saltem
1534 1255 1627 1329 absit
1643 1247 1793 1329 omen!

968 1521 1185 1599 CCXXIV.
1215 1521 1249 1596 11.

937 1714 1283 1784 ΙΟΥΛΙΑΣΑΝΚΤΑ

934 1827 1229 1897 ΤΟΝΠΥΡΓΟΝ

937 1940 1231 2009 ΕΚΤΩΝΙΔΙΩΝ

938 2053 1218 2122 ΑΝΕΣΤΗΣΕΝ

583 2209 724 2291 Ἰουλία
743 2208 895 2312 Σάγκτο
913 2207 980 2290 τὸν
997 2208 1144 2315 πύργον
1164 2212 1204 2290 ἐκ
1223 2210 1296 2290 τῶν
1316 2211 1417 2290 ἰδίων
1435 2213 1655 2316 ἀνέστησεν.

492 2395 636 2468 Titulus
653 2414 909 2472 commemorat
925 2399 1175 2475 liberalitatem
1188 2401 1297 2478 Juliae
1310 2393 1449 2480 Sanotae
1462 2407 1526 2502 qui
1536 2403 1818 2510 munimentum·

416 2517 515 2589 urbis
550 2529 787 2589 exstruxerat.
838 2519 1066 2615 Descriptum
1093 2520 1203 2595 habui
1230 2521 1276 2594 de
1298 2547 1474 2596 marmore
1509 2525 1608 2621 quod
1642 2529 1680 2599 in
1717 2521 1818 2588 tum

417 2661 527 2732 prope
538 2646 683 2734 portam
699 2661 843 2711 aureum
856 2639 970 2736 (supr.
986 2639 1035 2710 tit
1049 2639 1210 2736 001111.)
1229 2641 1457 2738 conspicitur.
1508 2644 1599 2718 Ideo
1615 2647 1653 2718 in
1670 2627 1818 2719 eadem

416 2760 507 2831 serie
534 2785 638 2855 pono.
692 2759 765 2835 Sed
783 2786 856 2834 vox
882 2751 1025 2857 πύργος
1044 2775 1081 2834 et
1110 2763 1319 2859 sepulcralis
1347 2769 1427 2854 est¹‚
1452 2768 1544 2842 adeo
1571 2783 1609 2842 et
1636 2787 1736 2844 cum
1780 2765 1822 2812 ὅθ’

418 2881 610 2974 quentibus
627 2881 725 2954 hunc
742 2883 887 2956 titulum
900 2883 983 2978 jure
1001 2883 1082 2979 quis
1099 2897 1312 2958 connectere
1330 2886 1451 2981 possit.

493 3001 634 3074 Sanctae
651 3027 783 3075 nomen
802 3003 949 3076 obvium
968 3027 1076 3098 supra
1092 3001 1129 3074 in
1148 3002 1199 3074 tit
1218 3023 1371 3077 ccxvm.
1389 3006 1650 3099 conspeximus.

987 3261 1184 3337 CCXXV.
1211 3264 1233 3337 l.

523 3454 791 3522 ΜΚΑΛΠΜΥ.
805 3454 838 3521 Η
854 3507 871 3522 .
886 3455 1136 3524 ΝΕΙΜΑΝΟΣ
1151 3510 1662 3533 .............
1689 3514 1712 3531 .

551 3565 1611 3645 ΞΟΝΖΩΝΚΑΤΕΣΚΕΥΑΣΕΝΕΑΥΤΩΚΑΙΤΟΙΣΙΔΙΟΙΣ

521 3677 710 3746 ΑΥΤΟΥΑ
728 3726 738 3745 .
757 3679 1038 3750 ΕΛΕΥΘΕΡΟΙΣ

422 3831 578 3938 Μάρκος
597 3834 858 3939 Καλπούρνιος
884 3837 1123 3943 Μαξιμιανὸς
1142 3849 1275 3921 τοῦτον
1295 3837 1361 3922 τὸν
1374 3847 1585 3948 πυργίσκον
1606 3850 1677 3953 ζῶν
1697 3849 1808 3928 '‘as‘'

588 3957 772 4039 σκεύαοεν
792 3963 908 4070 ἑαυτῷ
927 3968 987 4043 καὶ
1007 3971 1084 4050 τοῖς
1104 3967 1209 4050 ἰδίοις
1228 3968 1343 4046 αὑτοῦ
1362 3969 1633 4076 ἀπελευθέροις.

463 4173 482 4200 ''
494 4168 582 4236 Qamsi
601 4169 762 4244 impactum,
784 4168 839 4229 hoc
859 4183 910 4242 est,
927 4173 1088 4250 turpatum.
1136 4167 1225 4250 'quam
1249 4175 1461 4236 foedotissimam
1482 4180 1599 4241 dederat
1614 4180 1765 4244 ctarki1²⁵
1791 4148 1812 4202 in

421 4267 497 4324 Vide
511 4267 643 4343 Append.
659 4268 726 4326 Not
736 4269 809 4326 crit.
1135 4272 1203 4331 ltin.
1220 4275 1252 4332 P.
1262 4293 1292 4332 11.
1308 4274 1336 4334 S.
1347 4293 1365 4334 1.
1379 4297 1406 4354 p.
1422 4278 1488 4341 227.

462 4365 573 4423 ‘Confi
597 4367 682 4424 inser.
709 4365 800 4424 Rhod
822 4367 950 4424 Fellows.
978 4371 1086 4444 pm
