4004 5264
179 605 287 652 rusca.
304 604 425 662 cmv,
443 589 558 671 saxu]
720 583 1044 652 APHRODISIAS.

183 779 451 849 ΕΙΣΟΣΤΑΙΣ.
485 775 523 847 in
548 776 580 848 8.
605 799 657 871 pr.
676 781 772 848 ΑΙΕ.
795 781 916 861 .ΤΥ.,
945 774 1136 849 claudente
1165 799 1309 848 versum
1335 781 1356 847 Ι.
1412 775 1456 847 In
1475 777 1506 847 9.
1524 798 1575 871 pr.

181 903 329 969 ΝΑΞΝ.
352 893 484 968 deinde
512 896 550 967 in
577 894 708 981 medio
729 901 1096 990 ΜΕΤΑΚΑΙΝΗΣΑΙ.
1154 896 1198 967 In
1219 893 1353 967 rufin.
1373 895 1412 966 F.
1433 899 1570 970 ΕΦΙΕΥ.

180 1014 285 1088 Idem
313 1015 352 1088 in
372 1019 427 1088 15.
447 1040 498 1112 pr.
517 1021 606 1088 ΧΑΙ.
663 1013 708 1087 In
738 1018 793 1087 17.
819 1017 859 1087 Β.
876 1021 1105 1090 ΤΕΘΗΝΑΙ.
1172 1015 1212 1088 F.
1230 1020 1470 1100 ΤΕΘΗΙΝΑΙ,
1497 1039 1577 1110 pro

178 1135 263 1232 pius
290 1159 386 1208 vero.
438 1137 483 1208 ln
503 1135 558 1206 18.
575 1159 627 1231 pr.
646 1134 799 1207 omisere
826 1133 868 1207 B.
888 1147 925 1208 et
948 1135 985 1206 F.
1003 1140 1088 1209 ΤΟ.
1154 1136 1197 1207 In
1218 1138 1271 1206 19.
1290 1135 1328 1206 F.
1349 1139 1523 1228 ΗΕΝΟΣ,
1541 1149 1577 1206 et

179 1257 220 1328 in
238 1255 320 1343 fine,
339 1261 510 1330 θΕΑΣῐ.

770 1434 933 1509 LXXV.
963 1443 990 1506 θ.

256 1626 321 1699 Ad
340 1627 570 1724 ,sepulturam
598 1626 758 1724 pertinet
784 1626 920 1700 titulus.
978 1626 1158 1699 Loculum
1186 1628 1369 1725 emptione
1397 1628 1575 1724 conquisi-

179 1759 283 1820 verat
299 1748 458 1844 Papiana
474 1745 651 1844 quaedam,
669 1745 869 1820 secundum
886 1757 1142 1820 testamentum
1156 1746 1224 1820 viri
1242 1749 1319 1844 ejus
1339 1747 1494 1822 Claudii.
1530 1749 1574 1820 In

176 1868 248 1942 hoc
276 1867 397 1941 loculo
425 1880 463 1940 et
492 1867 569 1964 ipse
597 1867 847 1964 sepeliebatur,
875 1867 1008 1964 jusque
1032 1867 1227 1964 sepulturae
1250 1867 1467 1963 quibusdam
1495 1869 1574 1941 aliis

178 1989 391 2063 nominatim
419 2013 631 2062 concessum
660 1999 723 2074 est,
751 1988 921 2062 nimirum
952 1989 1107 2088 Glypna
1136 2013 1217 2084 quae
1252 2013 1334 2061 eum
1366 1989 1573 2070 enutrierat,

179 2108 349 2206 Papianae
371 2107 563 2205 praedictae,
581 2107 732 2204 ejusque
750 2105 892 2180 filiabus
910 2106 1057 2206 Glyptae
1080 2120 1118 2179 et
1136 2106 1326 2182 Onesimae.
1378 2107 1573 2179 Permissio

179 2228 225 2302 de
252 2229 382 2302 ceteris
410 2227 592 2302 statuendi
619 2227 793 2302 tribuitur
809 2228 988 2326 Papianae,
1006 2251 1146 2324 nempe,
1165 2252 1256 2323 quos
1274 2228 1321 2301 ad
1338 2227 1506 2300 cellulam
1534 2228 1573 2298 in

181 2355 382 2452 eidophoro
399 2355 595 2450 subterque
610 2353 881 2452 sarcophagum,
895 2365 962 2426 etc.
975 2352 1168 2426 traditione
1182 2353 1275 2450 juris
1295 2341 1571 2449 (συγχωρήσει)

181 2503 360 2564 concessa,
379 2477 570 2550 admittere
588 2477 685 2550 velit

256 2598 421 2670 Titulum
439 2597 486 2670 ad
503 2609 645 2671 aetatem
661 2596 780 2671 Marci
797 2596 942 2670 Aurelii
960 2595 1166 2669 nominibus
1183 2595 1222 2668 in
1239 2619 1296 2667 vv.
1316 2597 1345 2665 l.
1360 2599 1392 2666 2.
1406 2597 1439 2666 4.
1458 2593 1572 2667 fretus

180 2721 376 2793 retulerim.
430 2720 580 2794 Femina
606 2720 739 2794 nobilis
756 2744 838 2816 quae
855 2717 1193 2817 stephanephoriam
1220 2717 1332 2814 gessit
1354 2731 1574 2789 memoratur

183 2863 290 2936 supra
321 2840 359 2912 in
392 2865 427 2911 n.
455 2861 569 2926 nxrx,
597 2838 731 2913 deinde
763 2840 803 2912 in
843 2861 971 2912 nxxvr.
1001 2860 1145 2910 nxxvu.
1175 2861 1258 2910 cum
1290 2837 1497 2910 nominibus
1525 2862 1573 2908 ex

180 2959 316 3033 familia
335 2959 516 3033 Hadriani
532 2960 666 3058 petitis.

255 3083 476 3180 Bipartitum
503 3083 622 3157 luerat
649 3083 720 3158 hoc
749 3106 907 3157 marmor
938 3082 1136 3179 sepulcrale
1159 3083 1205 3155 ab
1226 3081 1416 3178 opificibus
1443 3082 1507 3176 qni
1535 3083 1574 3154 in

182 3205 358 3278 moenibus
389 3203 570 3278 struendis
598 3205 860 3280 laboraverant.
924 3204 968 3276 ln
1003 3202 1188 3274 semissem
1223 3201 1268 3274 ad
1298 3202 1426 3273 laevam
1461 3201 1573 3274 incidi

182 3326 327 3422 regione
345 3349 388 3400 ea
405 3350 477 3421 qua
493 3327 612 3424 vergit
628 3352 753 3401 murus
771 3327 817 3399 ab
834 3325 973 3399 oriente
990 3323 1178 3397 meridiem
1195 3349 1342 3413 versus3
1369 3325 1406 3394 in
1424 3325 1572 3396 alteram

184 3447 334 3519 ulterius
352 3470 571 3543 progressus.

257 3565 384 3641 Edidit
410 3565 606 3640 Bbckhius‘
630 3589 680 3639 ex
707 3565 812 3638 codd.
834 3563 1015 3640 Sherard.'‘
1040 3576 1078 3638 et
1101 3562 1305 3657 Ohishultf,
1328 3588 1482 3660 quorum
1510 3565 1571 3636 ille

183 3711 342 3759 seorsum
355 3687 401 3759 ab
414 3686 572 3759 invicem
586 3699 706 3783 partes
719 3685 965 3782 descripserat.
994 3685 1122 3782 Nuper
1134 3684 1377 3758 Fellowsius'.
1407 3686 1572 3780 Uterque

184 3831 266 3878 cum
281 3805 378 3878 linea
394 3817 494 3877 recta
509 3803 687 3902 fragmina
703 3801 800 3876 tituli
818 3801 1072 3900 distinguente,
1090 3826 1198 3898 quam
1219 3801 1258 3874 in
1274 3827 1355 3874 meo
1373 3802 1572 3898 exemplari

185 3921 417 3996 omittendam
434 3924 568 3996 censui.

258 4041 381 4116 Variae
409 4042 506 4115 lectt
535 4054 638 4135 sunt3
665 4043 762 4115 inv.
782 4045 814 4116 2.
840 4043 881 4114 B.
907 4046 1153 4128 ΚΛΑΥΔΙΟΣ,
1181 4039 1281 4136 quod
1310 4054 1347 4112 et
1374 4040 1421 4112 in
1443 4043 1474 4113 3.
1492 4041 1568 4113 init.

225 4284 234 4314 ¹
248 4279 313 4338 Vol
325 4297 356 4338 m
369 4281 473 4356 patr.
488 4299 516 4338 n.
528 4281 614 4339 2840.
945 4282 957 4310 '
973 4273 1050 4332 Vide
1060 4274 1129 4332 Cod
1141 4274 1297 4334 Askevian
1309 4291 1328 4332 1.
1341 4277 1385 4334 10.

226 4385 239 4415 ¹
254 4379 321 4437 cod.
335 4398 383 4456 pp.
395 4381 429 4442 9·
440 4381 482 4442 17.
943 4375 1033 4433 'Ubi
1046 4393 1109 4451 sup.
1123 4394 1150 4452 p.
1158 4376 1224 4434 340.
1239 4393 1288 4433 nn.
1296 4375 1344 4434 45.
1352 4373 1399 4434 46.
