3952 5238
184 589 284 640 mssa
298 591 436 652 aaran,
450 577 612 660 auxerre]
663 669 665 674 Ι
715 571 1040 640 APHRODISIAS.
1505 579 1567 646 319

244 757 284 824 In
309 757 359 824 bis
381 771 415 826 et
436 757 591 826 similibus
616 757 717 826 solent
741 757 876 824 nimium
901 757 1005 828 tricari
1028 771 1282 837 commentantes,
1304 769 1342 826 ut
1366 783 1409 826 ex
1428 761 1569 829 Suicero⁰

183 863 288 929 videre
315 863 401 930 licet.
465 863 582 932 Sensus
607 863 772 953 primarius
797 866 929 931 odmada'
958 863 1151 952 conspicitur
1173 865 1225 932 vel
1247 865 1282 930 in
1306 865 1568 948 intercessionem,

181 967 232 1034 vel
245 968 417 1058 gratiamm
431 969 597 1037 actionem.
640 969 680 1035 In
691 993 724 1036 re
733 968 879 1058 praesenti
890 968 1026 1048 ἔντευξις
1035 973 1204 1058 ἡγεμονικὴ
1213 971 1376 1037 commode
1387 973 1567 1060 exponitur,

182 1073 283 1140 aditus
298 1074 339 1140 ad
352 1075 516 1164 presidem
530 1077 630 1142 faena
644 1089 681 1142 ut
694 1073 815 1163 petenti
829 1076 955 1142 cuidam
968 1076 1098 1142 facultas
1118 1076 1210 1142 detur
1224 1076 1395 1165 sepeliendi
1409 1078 1444 1144 in
1458 1103 1569 1146 monu-

181 1193 297 1248 mento.
341 1181 416 1250 Hoc
438 1181 632 1250 consuetudo
652 1181 881 1267 (Romanorum
900 1181 1024 1270 saltem)
1045 1182 1196 1250 illustrat‘.
1241 1182 1405 1250 Cavebunt
1421 1185 1506 1250 enim
1529 1210 1569 1252 ne

180 1286 340 1352 translatio
350 1287 488 1376 corporis
502 1299 661 1375 perpetue
669 1285 837 1375 sepultura
847 1286 954 1352 traditi
968 1286 1057 1353 fieret
1067 1287 1127 1353 nisi
1137 1287 1223 1374 justa
1233 1311 1326 1354 causa
1339 1287 1569 1369 intercessisset,

181 1392 281 1478 qualis
295 1403 362 1460 erat
374 1393 516 1459 incursus
532 1392 681 1470 fluminis,
696 1405 751 1459 aut
764 1405 867 1458 metus
880 1391 995 1471 ruinae3
1018 1408 1050 1458 et
1060 1405 1137 1458 tnnc
1151 1391 1310 1458 translatio
1322 1393 1457 1460 debebat
1470 1395 1569 1484 irnpe-

180 1499 254 1564 trari
269 1501 309 1568 ab
323 1500 362 1566 iis
377 1523 511 1587 quorum
525 1500 585 1566 hac
599 1500 639 1566 de
653 1523 688 1566 re
698 1511 764 1567 erat
777 1499 927 1588 cognitio,
939 1522 1053 1586 nempe
1065 1498 1254 1588 Magistratu
1265 1499 1337 1578 loci,
1350 1499 1506 1588 Principe,
1517 1502 1569 1567 vel

182 1607 349 1676 Pontifice.

245 1715 296 1780 ll.
321 1713 376 1800 Sq.
389 1713 675 1802 Ἀτολλοτριὼσοιι
719 1711 805 1778 Vide
820 1723 886 1776 not.
902 1733 984 1799 supr.
1000 1705 1041 1776 ad
1059 1708 1107 1776 tit.
1122 1727 1220 1774 cxxv.
1238 1708 1269 1773 9.
1314 1708 1437 1774 Vocem
1450 1739 1568 1795 μετεκι-

182 1831 272 1898 νῆσοε
285 1819 421 1886 illustrat
434 1819 521 1886 locus
536 1817 750 1896 Philostrati⁸;
775 1822 812 1886 El
823 1823 879 1905 μέν
893 1857 908 1870 -
921 1857 937 1870 -
951 1855 966 1870 ·
979 1817 999 1896 ἢ
1012 1819 1135 1906 τάφους
1144 1819 1300 1894 laicanae,
1313 1819 1384 1883 ὅσοι
1394 1821 1459 1886 τῶν
1469 1817 1568 1886 τάλαι

180 1924 343 2013 βασιλέων
358 1929 446 2004 εἰσίν,
462 1957 490 1994 rr·
501 1955 530 1992 τ.
542 1925 573 1993 λ.

246 2033 297 2098 14.
319 2029 575 2112 Ἐκδεκήσιιντος.
621 2028 766 2096 Solennis
780 2027 935 2108 formula3
956 2029 1038 2094 illiue
1059 2031 1112 2116 qm·
1125 2029 1206 2096 litam
1227 2031 1357 2107 moon-it,
1372 2053 1497 2120 nempe,
1513 2035 1568 2120 qui

180 2137 319 2204 officium
334 2137 479 2218 vindicis,
492 2143 547 2204 τοῦ
561 2135 691 2214 labiano,
707 2135 874 2224 sumpserit
893 2134 933 2200 ad
955 2158 1063 2224 peenas
1077 2135 1250 2225 exigendas
1264 2136 1290 2202 si
1306 2135 1375 2223 quis
1390 2137 1567 2225 sepulcrum

180 2243 354 2310 violaverit
400 2243 454 2309 Sic
466 2248 503 2312 rb
517 2241 732 2327 ἐκδεκοῦμενον
747 2241 832 2330 apud
848 2241 1112 2308 Demosthenemh
1125 2241 1282 2332 significat
1303 2243 1445 2308 aenaea
1465 2266 1486 2308 α
1507 2245 1569 2331 lcye

180 2351 375 2428 οοτιοειϊειεουι,
387 2361 420 2416 et
432 2349 468 2414 in
482 2371 557 2415 sacr.
573 2348 652 2414 cod.¹
667 2347 794 2417 ἐκδικεῖν
808 2359 855 2414 est
868 2349 977 2424 ιεὼἰεεε,
985 2371 1094 2434 panas
1106 2371 1231 2416 εεινιετε.

246 2457 298 2519 17.
321 2454 493 2531 Ξανθικοῦ,
520 2451 628 2538 quiet
649 2450 820 2528 Ξανθικοῦ,
843 2450 926 2516 sexti
949 2449 1064 2516 mensis
1089 2450 1303 2518 Macedonum
1326 2451 1564 2540 Europaeorum,

179 2559 463 2637 Antiochenorum,
479 2559 754 2647 Pergamenorum,
778 2569 811 2622 et
836 2555 1056 2644 Ephesiorum,
1079 2556 1134 2642 qui
1160 2557 1333 2623 secundum
1355 2557 1474 2624 litteras
1489 2558 1565 2624 Phi-

177 2663 269 2754 lippi,
280 2664 341 2730 hoc
355 2675 412 2742 est,
424 2674 608 2750 computum
617 2661 735 2738 lunare,
743 2659 949 2747 Thargelioni
958 2659 1378 2752 Atticorum(MaicJunio)
1390 2665 1566 2752 apponitur,

178 2772 233 2838 sed
247 2795 290 2838 ex
309 2771 429 2838 ratione
444 2769 632 2836 Plutarchea
646 2792 716 2856 quae
729 2789 851 2834 menses
865 2767 978 2836 solares
988 2767 1125 2856 respicit,
1135 2767 1379 2857 Elaphebolioni
1394 2770 1568 2854 (Martio-

178 2879 313 2968 Aprili).
360 2878 440 2944 Haec
454 2902 497 2945 ex
512 2876 628 2944 Ideleri
643 2876 750 2943 tabula
763 2874 905 2964 superius
927 2873 1075 2941 indicata.
1120 2873 1212 2941 Facit
1232 2875 1483 2965 synchronismos
1507 2879 1567 2944 cal·

176 2985 268 3058 ‚culus
284 2985 483 3052 Ueserianus¹
507 2983 690 3073 singillatim
714 2985 756 3049 22
776 2983 957 3050 Febr-24
972 2981 1067 3047 Mart.
1083 2994 1116 3048 et
1130 2980 1455 3069 Aprilem-Maium,
1480 2986 1565 3070 quod

179 3111 252 3155 cum
274 3089 450 3156 ldeleriano
473 3088 546 3155 satis
569 3088 734 3167 convenit;
753 3087 855 3175 posito
870 3087 955 3173 quod
976 3087 1103 3153 termini
1117 3087 1273 3154 mensium
1285 3087 1563 3158 Macedonicorum

179 3193 371 3260 definiuntur
385 3193 420 3259 in
433 3192 541 3260 tabula
554 3192 623 3278 ejus
636 3215 693 3280 per
706 3213 827 3258 menses
845 3191 968 3258 Atticos
981 3214 1024 3258 ex
1039 3193 1170 3260 adverso
1185 3193 1325 3282 scriptos.

773 3403 971 3470 LXXVHI.

244 3553 272 3615 l.
297 3551 439 3629 Πλᾶτος.
484 3549 577 3616 Verti
602 3561 704 3636 potest
728 3549 912 3615 emanue.
956 3549 996 3615 In
1014 3549 1312 3639 Aphrodisiensibus
1326 3577 1480 3621 eameram
1501 3557 1562 3646 sig-

177 3653 285 3720 nificat
300 3652 534 3742 (hypodoricam
549 3651 685 3741 appellat
699 3649 886 3741 Bbckhiud)
898 3667 1102 3719 monumento
1117 3655 1282 3744 sepulcrali
1292 3659 1473 3745 subjectam,
1485 3677 1517 3729 et
1531 3666 1562 3729 in

208 3883 218 3908 ὲ
235 3877 343 3924 means.
354 3875 415 3923 Eud.
427 3874 472 3922 vol.
483 3887 500 3921 r.
511 3889 534 3934 p.
545 3875 615 3922 1125.
893 3872 1051 3937 ἐντυχόντες
1062 3876 1098 3940 τῷ
1108 3873 1232 3942 Καίσαρι,
1245 3879 1312 3926 odito
1325 3881 1423 3930 θιεεοτε.

207 3959 216 3992 ¹
236 3961 296 4008 Vide
307 3961 386 4007 Planci
398 3959 476 4006 lexic.
483 3959 579 4020 Antiqq.
591 3958 698 4018 ubianpr.
707 3973 730 4018 p.
738 3960 793 4006 408.
806 3973 826 4006 a
926 3966 939 4001 a
954 3959 1003 4006 Via
1015 3959 1123 4020 Apollcu.
1132 3961 1207 4022 Τγειι.
1219 3976 1267 4012 vrr.
1280 3966 1318 4014 28.

209 4047 283 4094 Inous
303 4045 411 4104 Appiani,
427 4043 486 4090 Bnll.
509 4043 561 4092 civ.
576 4056 602 4090 v.
622 4045 661 4090 41.
679 4043 738 4100 init,
754 4056 845 4090 mnsam
926 4041 937 4076 ¹²
956 4045 1020 4093 Orat.
1032 4051 1104 4094 conta
1116 4046 1237 4110 Aristogit-
1252 4061 1280 4097 ιι.
1292 4064 1314 4110 p
1325 4053 1428 4100 801.24.

177 4131 239 4178 vocis
255 4128 370 4186 ἔντευξις
385 4127 511 4175 luculenter
529 4128 612 4175 tradit:
630 4121 689 4176 otte
706 4125 754 4176 cdv
766 4123 789 4175 nl
801 4128 846 4174 τοῦ
929 4127 935 4158 ¹
955 4127 979 4174 S.
993 4129 1047 4176 Luc
1059 4142 1136 4178 mn.
1146 4133 1169 4178 8.

178 4213 308 4278 Καίσαρος
325 4211 422 4276 1χθρο1,
439 4211 490 4272 τὴν
501 4208 553 4274 ἰδίᾳ
569 4207 714 4276 γενομένην
726 4209 842 4263 ἔντευξιν
924 4211 936 4246 ¹¹
953 4213 1012 4274 opu
1025 4214 1087 4262 mit.
1100 4215 1170 4264 Dubl.
1179 4215 1280 4264 volvrr.
1292 4231 1330 4277 pp
1344 4221 1397 4267 351.
1408 4221 1462 4266 381.

176 4302 220 4348 τοῦ
234 4298 364 4364 Φουρνίου
381 4297 556 4354 ὑπονοοῦντες
574 4294 618 4345 tal
638 4297 708 4360 σφίσι
723 4293 843 4362 γενέσθαι
925 4294 932 4327 ¹
954 4297 1013 4346 Vide
1025 4299 1051 4348 C.
1063 4299 1112 4360 Lp
1123 4303 1207 4350 osta.
1220 4303 1322 4350 112824.

175 4403 196 4434 ιε.
206 4383 261 4434 ab.
284 4385 347 4431 sacta
362 4381 547 4430 muraenarum
564 4384 603 4430 40.
623 4379 711 4430 initui
731 4378 756 4430 tt
774 4381 843 4444 τρεῖς
