3972 5240
164 597 274 642 rusca.
291 577 461 664 ccxxxiv]
777 575 989 642 SILLYUM.
1498 579 1561 644 235

164 773 270 878 αὐτῷ
292 775 356 869 τῆς
377 771 602 868 οἰκοδομίας,
618 773 648 848 εἱ
669 770 728 847 καὶ
747 765 798 868 μὴ
819 773 884 870 τῆς
904 771 1126 874 ἐπιγραφῆς,
1139 767 1239 876 ἄκρῳ
1259 803 1302 872 γε
1321 772 1372 876 roi
1391 767 1561 876 δακτύλῳ

159 903 232 974 τοῦ
251 893 379 995 πηλοῦ
397 891 725 999 προσοψοὶμενος“.

242 1022 409 1094 Titulum
426 1021 648 1118 descriptum
666 1019 776 1093 habui
807 1020 852 1093 de
879 1019 999 1116 lapide
1025 1021 1063 1094 in
1080 1045 1162 1094 arce
1190 1024 1337 1120 antiqua
1359 1048 1468 1120 quam
1493 1025 1558 1099 Sil·

160 1262 222 1334 vel
240 1260 452 1335 Assar-laeui
468 1259 530 1355 qui
548 1283 568 1332 a
584 1257 769 1356 parietinis
788 1257 944 1354 Pergaeis
962 1257 1072 1330 distat
1087 1257 1231 1332 circiter
1247 1281 1328 1333 x111.
1343 1261 1456 1334 millia
1481 1285 1557 1358 pas-

159 1409 270 1458 suum
301 1385 583 1481 septentrionem
613 1407 748 1467 versuo,
769 1383 969 1476 Cestroque
997 1383 1059 1484 (μ
1079 1378 1136 1484 di)
1166 1381 1404 1456 interfluente.
1444 1399 1445 1402 ’
1469 1385 1557 1458 Erat

160 1505 248 1578 ostii
266 1503 456 1602 cujusdam
479 1505 607 1578 domus
634 1529 706 1578 una
728 1527 776 1576 ex
804 1503 896 1578 antis
918 1503 988 1590 cui,
1006 1502 1179 1576 foramine
1196 1527 1262 1600 per
1278 1505 1433 1578 mediam
1450 1505 1554 1594 facta,

156 1626 320 1699 insertus
341 1623 460 1699 fuerat
481 1625 654 1723 pessulus,
673 1624 711 1696 id
729 1623 829 1718 quod
852 1624 954 1721 gravi
980 1623 1112 1719 injuria
1133 1622 1242 1698 finem
1259 1649 1386 1699 versus
1409 1626 1555 1700 titulum

159 1743 293 1820 affecit.
876 1791 877 1794 π

240 1864 400 1959 scopum
413 1865 516 1960 attigi
529 1887 646 1960 supra,
661 1860 869 1935 dubitanter
886 1885 980 1948 sane,
994 1873 1035 1934 ut
1048 1861 1132 1935 talia
1148 1875 1432 1938 contrectantem
1451 1866 1552 1940 dece-

159 1989 234 2060 bat.
287 1983 544 2082 Fragmentum
568 1984 706 2058 decreti
728 1981 955 2080 municipalis
982 2007 1049 2055 nos
1072 1982 1205 2056 habere
1223 1983 1452 2078 crediderim,
1470 2011 1553 2059 nam

158 2111 301 2183 mentio
321 2106 428 2182 obvia
444 2120 499 2180 est
519 2107 672 2182 senatus
685 2105 723 2176 in
737 2129 769 2176 v.
785 2106 817 2177 8.
832 2103 907 2177 init.
926 2115 963 2176 et
979 2101 1129 2176 fortasse
1146 2103 1185 2178 in
1195 2129 1228 2176 v.
1243 2107 1300 2176 24.
1311 2103 1371 2178 fin.
1411 2106 1554 2178 Deinde

161 2233 344 2317 Civitatis,
363 2232 401 2303 in
418 2253 476 2300 vv.
498 2229 553 2300 13.
569 2227 626 2297 24.
641 2225 709 2309 29„
723 2222 854 2319 Populi
871 2246 953 2295 cum
973 2221 1087 2314 Urbe,
1103 2222 1142 2294 in
1159 2245 1192 2294 v.
1209 2225 1268 2296 23.
1283 2221 1353 2309 fin,
1370 2237 1408 2297 et
1424 2223 1555 2321 Magis-

159 2355 409 2452 tratuumqui
422 2351 648 2449 appellantur
661 2347 894 2441 Δικαστερες
916 2345 982 2444 (sc.
1007 2343 1245 2444 δικαστῆρες)
1272 2359 1309 2422 et
1328 2345 1554 2446 Αργυροται,

159 2481 316 2555 fortasse
346 2505 368 2553 a
394 2477 493 2550 sonte
517 2474 647 2550 Graeco
665 2471 887 2561 derivatum;
913 2471 993 2558 hoc,
1014 2471 1084 2544 nisi
1106 2471 1239 2546 rectius
1267 2474 1313 2547 sit
1330 2470 1553 2571 Αρδυροται,

161 2601 268 2700 quod
285 2625 350 2698 pro
368 2608 468 2672 certo
485 2593 659 2668 affirmare
678 2615 820 2686 nequeo
838 2613 950 2685 quum
974 2591 1013 2662 in
1035 2591 1104 2664 hac
1121 2615 1210 2664 voce
1227 2594 1432 2691 apographa
1449 2595 1554 2668 vacil-

158 2723 249 2796 lent.
304 2720 485 2812 Quorsum
512 2722 651 2810 spectat
676 2709 747 2782 hoc
764 2707 948 2782 decretum
966 2708 1005 2781 in
1022 2707 1143 2782 medio
1159 2711 1335 2806 relinqu0,
1350 2715 1554 2810 conjectati·

158 2867 232 2916 one
250 2864 360 2938 quam
378 2859 487 2934 supra
502 2831 640 2931 protuli
657 2830 804 2902 minime
821 2829 903 2926 plus
921 2853 1025 2924 aequo
1043 2827 1138 2902 fisus.

238 2963 331 3054 Quae
348 2959 386 3032 in
403 2954 614 3029 minusculis
645 2951 815 3048 subjectis
842 2951 946 3048 posui
969 2951 1096 3026 Graeca
1113 2953 1338 3047 potissimum
1356 2957 1554 3053 respiciunt

157 3105 320 3179 quorum
349 3080 445 3151 inter
470 3088 632 3150 catervas
648 3095 781 3146 vocum
803 3069 1074 3169 peregrinarum
1101 3069 1283 3146 delectum
1305 3073 1423 3148 facere
1441 3079 1552 3174 potui.

157 3205 255 3278 Haec
285 3197 488 3298 prosapiam
506 3195 684 3270 AEolicam
713 3191 945 3266 vehementer
967 3191 1134 3266 redolent
1159 3193 1251 3267 sicut
1269 3195 1554 3291 exspectandum

156 3337 240 3398 erat
256 3346 306 3396 ex
323 3318 456 3392 vicinia
470 3315 654 3393 Sidetum'
666 3315 761 3387 inter
778 3335 868 3408 quos
886 3324 924 3386 et
942 3311 1136 3412 Sillyenees
1154 3313 1391 3388 communitas
1404 3317 1552 3416 originis

155 3445 314 3518 fortasse
331 3441 511 3512 intererat.

198 3725 213 3754 ¹¹
239 3717 361 3775 Lucian.
392 3715 490 3783 Quom.
516 3711 577 3769 tiu.
604 3713 640 3768 ait
672 3727 771 3766 consen
793 3725 835 3765 tv.
890 3711 1207 3787 ATEanraeferunt:
1228 3709 1320 3768 Eclrb.
1337 3711 1394 3768 vol.
1410 3727 1451 3768 ιη.
1466 3731 1493 3789 p.
1507 3711 1551 3777 17.

155 3818 208 3875 fin.
887 3828 908 3866 s.
925 3807 1143 3868 Vichustath.
1152 3807 1188 3865 ad
1197 3805 1316 3886 Dionys.
1325 3809 1435 3886 Perieg.
1447 3831 1473 3867 v.
1483 3814 1550 3871 815.

199 3921 215 3950 '
229 3913 326 3972 Video
338 3912 413 3970 hanc
423 3910 619 3985 conjecturam
634 3909 664 3964 in
677 3907 773 3964 lemm.
785 3907 831 3964 tit.
884 3903 1058 3965 Ptolemaeus
1079 3907 1190 3964 Σίλιοοι.
1230 3905 1397 3982 Aliquando
1415 3909 1550 3984 opinatus

155 4013 250 4072 4342.
271 4029 293 4067 ο.
317 4008 412 4066 fascic
439 4005 540 4063 Erana
566 4023 722 4079 veramque
748 4012 829 4080 puto.
882 4025 947 4063 sum
961 4005 1080 4084 Sdlyum
1093 4005 1183 4063 fuisse
1202 4005 1280 4080 quod
1300 4005 1427 4082 appellat
1446 4007 1548 4066 Livius

156 4109 290 4169 leutius
307 4107 344 4165 de
357 4103 439 4182 δεῖμα
460 4103 636 4180 cogitaverat
656 4103 688 4158 in
710 4111 770 4160 not
785 4105 832 4162 30.
882 4105 914 4162 in
928 4107 1125 4164 xxxvm.15.
1152 4101 1278 4180 Xylinen
1296 4101 1409 4174 Oomea,
1423 4106 1476 4163 ubi
1491 4108 1550 4165 vid.

156 4211 195 4270 ad
208 4209 317 4267 Ecelea
328 4223 383 4264 vn.
399 4201 542 4262 Arundel.
557 4221 584 4278 p.
596 4201 662 4264 317.
883 4201 1023 4278 discrepp.
1042 4201 1181 4269 codicum,
1203 4211 1239 4259 ut
1265 4201 1296 4258 in
1318 4201 1441 4281 Lysinoe
1463 4225 1549 4281 quam

198 4313 247 4372 De
266 4306 362 4384 sillyo
382 4303 455 4361 conf.
470 4301 588 4360 Arriao.
608 4299 662 4358 ubi
683 4319 761 4376 supr.
782 4299 834 4374 qui
884 4309 1024 4357 memorat
1037 4309 1143 4377 postea.

156 4409 264 4474 scribit
283 4405 402 4466 Σῦλλοι.
442 4400 564 4460 Nummi
587 4399 737 4458 ethnicum
759 4407 832 4456 ΣΙΛ-
923 4398 1022 4458 'Vid
1031 4399 1230 4458 testimonium
1240 4399 1459 4461 Arrianiinloc
1471 4410 1550 4482 supr.

814 4495 908 4559 aaa
