4004 5264
440 571 482 634 44
852 567 1205 637 INSCRIPTIONES
1227 568 1419 636 GRAECAE.
1453 571 1704 652 [ruscn.nxx11.,
1718 589 1835 635 nxxnr.

1031 755 1247 832 nxxn.e
1325 723 1332 740 '

724 938 817 1010 ce.
835 927 1305 1009 ‚ouanccsacoun
1327 925 1427 997 ‚ua
1450 975 1461 996 .
1486 973 1497 993 .
1522 974 1532 992 .
1557 973 1568 993 .

608 1079 775 1161 Ἐλθέτω
793 1079 816 1178 ἡ
835 1079 1018 1174 βασιλεία
1037 1101 1122 1158 σου·
1144 1073 1187 1159 τὸ
1208 1075 1327 1178 ὄνομά
1346 1112 1420 1159 σου
1439 1081 1669 1185 ἁγιασθήτω·

518 1257 648 1328 Visum
684 1253 898 1328 sollicitabat
927 1251 987 1326 hic
1014 1253 1141 1326 titulus
1172 1251 1260 1326 dum
1293 1252 1333 1325 iu
1365 1251 1467 1326 aditu
1500 1268 1614 1352 portae
1648 1259 1832 1334 orientalis

443 1389 581 1449 starem.
634 1375 661 1450 J
662 1375 788 1448 scebat
802 1397 918 1470 usque
936 1372 982 1446 ad
1000 1371 1187 1446 dimidiam
1204 1384 1343 1469 partem
1360 1374 1440 1470 ejus
1457 1374 1534 1448 solo
1552 1377 1723 1450 obrutum
1745 1378 1833 1477 frag·

443 1509 604 1570 mentum
623 1495 786 1592 superius
803 1495 982 1568 columnae
1005 1493 1148 1580 Ionicae,
1167 1493 1206 1564 in
1223 1493 1335 1566 abaco
1351 1493 1457 1588 cujus
1481 1493 1672 1594 inscriptas
1699 1499 1834 1573 litteras

442 1616 624 1714 quasdam,
639 1627 816 1688 vetustate
833 1613 1095 1712 propemodum
1114 1637 1250 1706 exesas,
1275 1637 1369 1710 aegre
1387 1614 1490 1710 potui
1507 1639 1665 1690 exarare.
1722 1619 1833 1694 Vero

444 1737 558 1810 simile
584 1759 666 1808 reor
691 1735 862 1808 orationis
892 1733 1093 1807 Dominioae
1115 1747 1254 1832 partem
1280 1731 1341 1806 hic
1363 1734 1534 1831 conspici,
1557 1736 1831 1835 columnamque

442 1857 513 1930 hoc
535 1857 613 1954 ipso
629 1855 711 1928 loco
729 1854 905 1952 templum
924 1852 1171 1927 Christianum
1189 1852 1383 1948 aliquando
1401 1876 1554 1928 ornasse.
1608 1857 1717 1950 Quod
1742 1860 1831 1932 clau·

443 1979 531 2053 sulae
548 1980 692 2052 inverso
710 1974 836 2049 ordine
859 1974 993 2048 dantur
1017 1973 1189 2069 positurae
1215 1969 1347 2068 lepidis
1375 1995 1483 2066 quam
1510 1973 1550 2046 in
1577 1975 1654 2047 solo
1678 1975 1831 2051 habebat

443 2098 676 2174 tribuendum
695 2111 758 2171 est
1745 2092 1747 2096 ’

1023 2259 1207 2334 amu.
1233 2270 1263 2356 ς.

947 2413 1313 2501 'rouoxuaoee

969 2563 1096 2653 Τόπος
1116 2566 1310 2674 φιλοθέου.

517 2747 701 2842 Descripsi
727 2746 766 2818 in
793 2744 918 2818 eadem
946 2743 1104 2842 regione,
1121 2767 1251 2840 nempe
1264 2745 1374 2840 juxta
1388 2757 1530 2840 portam
1550 2746 1771 2832 orientalem,
1789 2743 1832 2818 ad

443 2869 620 2954 dextram,
637 2892 685 2940 ex
702 2865 822 2964 lapide
840 2877 1008 2938 truncato
1025 2864 1091 2959 qui
1116 2863 1155 2936 in
1178 2865 1287 2935 imam
1304 2876 1442 2960 partem
1461 2865 1555 2938 muri
1571 2864 1689 2940 fuerat
1705 2867 1832 2940 illatus.

443 2990 698 3086 Fragmentum
716 2990 891 3063 ΦΙΛΟΘΕ
919 2997 996 3059 erat
1017 2983 1184 3078 nominis,
1202 2984 1341 3081 opinor,
1358 2985 1419 3057 vel
1435 2984 1618 3073 Plautia,
1636 2987 1696 3061 vel
1714 2986 1834 3062 Patu-

443 3108 559 3198 steort,
576 3121 639 3180 aut
655 3107 741 3190 sim,
759 3118 796 3180 et
813 3106 941 3180 titulus
959 3107 1036 3203 ipse
1054 3105 1206 3179 fortasse
1229 3107 1324 3178 inter
1347 3106 1564 3203 sepulcrales
1581 3108 1833 3202 accensendus,

444 3230 559 3325 qualis
576 3244 632 3304 est
649 3229 827 3330 Corycius
844 3229 925 3302 inlr.
941 3251 1056 3306 cxxu.

1018 3428 1203 3502 LXXIV.
1232 3457 1261 3516 η.

520 3591 665 3664 Titulus
679 3590 898 3688 sepulcralis,
909 3589 956 3664 ad
970 3601 1179 3686 sequentem
1194 3588 1342 3662 modum
1355 3586 1584 3684 compositus.
1613 3583 1832 3658 Eumachus'

443 3709 591 3806 quidam
608 3708 821 3782 condiderat
847 3720 885 3781 et
912 3732 1008 3780 arum
1027 3719 1064 3779 et
1081 3705 1352 3804 sarcophagum,
1371 3728 1525 3800 quorum
1543 3703 1643 3776 hunc
1660 3702 1707 3775 ad
1724 3701 1833 3800 ipsius

443 3854 547 3902 usum
576 3827 733 3901 destinat
759 3842 797 3900 et
814 3827 930 3900 Tatiae
958 3825 1097 3922 filiique
1125 3825 1299 3922 ejusdem,
1317 3826 1504 3924 Dionysii3
1531 3826 1617 3898 dein
1637 3825 1833 3899 liberorum

443 3949 521 4042 ejus
555 3946 700 4044 Apellae
732 3958 769 4018 et
797 3943 1061 4031 Eumaohianae‚
1096 3945 1334 4042 conjugisque
1365 3945 1537 4020 Aureliae.
1606 3947 1663 4018 De
1694 3944 1834 4018 cellulis

484 4189 494 4220 ⁸
514 4175 637 4250 Legitur
658 4174 689 4230 in
712 4171 761 4229 fin.
783 4193 810 4228 v.
829 4173 852 4228 l.
876 4163 1113 4244 ΕΥΔΑΜΟΣ,
1164 4171 1275 4249 duplex
1289 4191 1393 4231 nomen
1405 4171 1497 4232 urent
1506 4172 1617 4230 homini
1629 4182 1660 4232 et
1669 4171 1835 4231 Eumachus

443 4273 492 4332 sed
502 4273 643 4331 oscitante
656 4271 851 4328 marmorario.
891 4271 985 4329 Credo
995 4279 1114 4347 propter
1165 4281 1195 4330 et
1216 4271 1374 4342 Eudamus,
1404 4291 1530 4350 quorum
1553 4271 1630 4330 illud
1657 4293 1835 4332 emurmore

443 4391 546 4431 nornen
560 4389 758 4448 praegressum.
786 4369 941 4433 contat.
970 4370 1043 4440 Hoc,
1059 4369 1116 4428 nisi
1167 4371 1295 4429 evanuit.
