3992 5240
157 583 555 672 ruaca.cxxv.—cxxvrr.]
581 580 923 649 POMPEIOPOLIS
939 605 969 646 v.
988 581 1128 648 SOLOE.
1516 589 1557 652 97

160 779 249 860 Ἐπὶ
279 775 539 885 Ἀλεξάνδρου
569 783 636 854 τοῦ
670 772 788 856 δεῖνοςΙ
820 781 885 854 τοῦ
917 775 972 858 δὶς
1003 774 1198 880 ἄρχοντος.
1268 777 1463 878 Οὐπηκίης
1496 781 1557 857 καὶ

161 908 401 1018 γραμματεὺς
422 912 481 990 καὶ
502 911 556 992 δὶς
576 907 701 1013 ἄρχων
721 904 813 1010 ὑπὲρ
833 908 1020 1011 σωτηρίας
1037 915 1103 989 τοῦ
1124 908 1227 990 οἴκου
1246 910 1359 988 αὐτοῦ
1379 906 1556 1010 θυόμενος

161 1048 319 1146 ἐποίησε
340 1041 406 1126 τὸν
426 1039 562 1147 θρόνον
582 1037 655 1120 σύν
675 1073 714 1120 τε
734 1041 785 1146 τῷ
805 1039 947 1147 κοφίνῳ
978 1043 1039 1120 καὶ
1062 1045 1141 1126 ταῖς
1168 1039 1397 1146 ἀνοβοὶθραις
1417 1049 1496 1127 ταῖς
1516 1079 1555 1123 τε

584 1172 712 1258 θάκοις
730 1170 845 1274 μόνος
866 1177 906 1254 ἐκ
926 1181 999 1254 τῶν
1018 1175 1131 1256 ἰδίων.

237 1354 385 1426 Titulus
413 1361 670 1425 commemorat
700 1349 813 1424 sedile
841 1373 924 1422 cum
952 1347 1118 1445 cophino
1138 1348 1251 1436 scalis,
1269 1347 1472 1444 loculiaque
1495 1347 1554 1420 ad·

154 1476 304 1571 junctis,
326 1501 373 1548 ex
401 1479 556 1573 propriis
583 1491 743 1554 erectum
775 1480 821 1554 ab
839 1479 979 1576 Upecia
1008 1479 1073 1575 qui
1099 1479 1227 1552 scriba
1253 1503 1384 1552 munus
1415 1480 1554 1553 obierat

157 1596 290 1692 bisque
308 1594 499 1670 archontis.
1205 1691 1211 1704 ι

234 1715 468 1812 Descriptum
494 1716 606 1790 habui
632 1716 679 1790 de
702 1717 871 1790 columna
898 1741 980 1813 quae
1002 1727 1080 1790 erat
1099 1742 1172 1790 una
1192 1743 1240 1790 ex
1264 1718 1381 1793 tribus
1407 1732 1445 1792 et
1466 1746 1551 1817 qua·

156 1835 328 1932 draginta
353 1859 504 1931 quarum
538 1837 708 1932 reliquias
743 1861 891 1910 cernere
924 1849 980 1910 est
1010 1836 1107 1934 apud
1139 1837 1243 1912 Solos
1277 1839 1291 1933 (
1297 1839 1357 1912 vel
1385 1841 1548 1938 Pompei·

156 1957 327 2054 opolim)‚
347 1957 513 2041 Turcice,
530 1955 681 2031 Panbat
706 1969 743 2030 et
759 1955 1010 2032 Skolis-orant.
1066 1957 1189 2032 Stoam
1221 1955 1460 2044 confecerant,
1489 1962 1549 2034 oui

151 2078 352 2174 ,adjunctus
378 2075 496 2151 firerat
512 2077 643 2170 lonas,
660 2077 690 2150 si
710 2077 954 2172 conjecturam
971 2101 1020 2150 ex
1037 2077 1242 2173 insequenti
1260 2100 1403 2152 cxxvu.
1422 2103 1549 2176 capere

156 2201 275 2272 liceat
329 2197 508 2272 Columna
534 2223 616 2294 quae
638 2198 785 2271 titulum
812 2213 975 2271 nostrum
1002 2196 1112 2272 refert
1140 2199 1249 2271 talem
1278 2223 1360 2294 quae
1389 2198 1436 2272 ad
1466 2225 1550 2274 eum

155 2317 410 2416 accipiendum
431 2318 699 2392 accommodata
726 2331 781 2392 est
805 2317 958 2390 sormam
985 2317 1162 2391 induerat.
1216 2319 1258 2390 ln
1275 2317 1365 2392 facie
1382 2318 1550 2394 circulari

156 2464 269 2536 supra
303 2440 421 2512 stabat
449 2464 581 2512 nomen
615 2439 844 2537 magistratus
878 2438 1057 2537 eponymi,
1084 2437 1309 2530 Alexandri5
1345 2438 1477 2513 deinde
1510 2441 1548 2513 in

155 2561 276 2658 plana,
295 2559 425 2633 tabulae
442 2559 555 2632 instar
572 2557 675 2647 sacta,
693 2557 889 2632 liberalitas
908 2557 1057 2654 Upeoiae
1073 2559 1427 2632 commemorabatur.

235 2681 331 2756 Cum
358 2703 441 2752 meo
470 2677 678 2777 apographo
695 2677 833 2751 contuli
851 2677 1117 2751 Borrellianum
1135 2703 1184 2751 ex
1201 2678 1343 2752 schedis
1360 2680 1479 2753 Rossii
1502 2679 1548 2754 de

156 2800 213 2873 Bl.
269 2799 313 2870 In
331 2823 364 2869 v,
384 2798 417 2870 3.
434 2797 637 2869 consentire
655 2793 801 2867 invenio
819 2794 857 2870 iu
880 2819 975 2867 nom.
994 2798 1245 2869 ΟΥΙἹΗΚΙΗΣ
1263 2795 1308 2869 de
1326 2822 1400 2892 quo
1417 2797 1549 2894 aliqua-

155 2929 265 2989 tenus
283 2914 542 2988 dubitaveram.
596 2917 640 2988 In
660 2918 691 2987 7.
711 2914 770 2987 fin.
788 2921 989 2988 ΥΠΕΙΣΩ.
1011 2968 1020 2988 .
1042 2969 1051 2988 .
1074 2940 1122 2988 ex
1139 2939 1212 3012 quo
1226 2915 1407 2990 debebant
1424 2918 1547 2990 abesse

154 3035 436 3134 punctiunculae.
473 3035 517 3107 In
536 3036 568 3107 8.
588 3033 646 3107 fin.
661 3040 828 3110 ΘΩΙΜΕ.
870 3035 914 3105 In
933 3036 964 3106 9.
978 3032 1037 3106 fin.
1052 3039 1260 3116 εΡΟΝΟΝ,
1276 3033 1360 3107 dein
1382 3088 1391 3108 .
1413 3088 1422 3108 .
1441 3041 1491 3108 Κ.
1513 3067 1546 3124 .;

154 3157 374 3230 exstiterant
390 3179 519 3252 nempe
536 3161 704 3229 ΣΥΝΤΕ.
762 3155 806 3226 In
823 3153 973 3252 reliquis
990 3155 1179 3228 consensio
1196 3171 1259 3226 est.

328 3473 334 3482 ,
370 3368 554 3451 cxxvi.
582 3376 616 3447 a.
1113 3373 1317 3450 cxxvii.

192 3523 792 3612 aeueatouoeactoaetuou
1150 3523 1285 3609 κνοὸ

250 3650 725 3724 τοΝΛΑΜοοοτοτοΝ
1118 3649 1311 3720 ecooos

178 3829 216 3900 b.
245 3813 443 3919 Ἀρμένιον
463 3816 708 3906 Πεισωνῖνον,
738 3807 804 3892 τὸν
1016 3842 1046 3889 ο.
1075 3804 1209 3907 Κήπου
1230 3806 1403 3894 ἕσοπτος.

352 3940 632 4050 λαμπρότατον.

232 4120 417 4196 CXXVL
447 4117 593 4192 Titulus
611 4115 656 4190 de
675 4116 744 4190 alia
761 4117 929 4192 columna
951 4127 1038 4189 stoae
1062 4139 1170 4212 supra
1199 4116 1305 4190 dictae
1332 4116 1544 4214 descriptus.

151 4244 427 4320 Commemorat
453 4237 644 4335 quemdam
676 4237 887 4310 Pisoninum
913 4237 977 4334 qui
1002 4237 1129 4334 procul
1157 4236 1278 4322 dubio,
1310 4253 1350 4312 ut
1378 4239 1544 4334 Upeciaa,

150 4365 190 4437 in
210 4363 293 4434 loco
310 4360 473 4433 ornando
489 4358 679 4456 pecuniam
697 4371 916 4456 erogaverat.

220 4501 338 4546 macro.
355 4500 393 4544 11.
866 4499 886 4544 o
