3992 5240
170 605 277 653 meos.
293 585 454 674 cx.,cxr.]
764 583 985 653 TRALLES.
1524 589 1565 654 85

171 785 421 850 memorantur
438 771 607 874 cyaneus
624 785 662 849 et
679 773 859 862 Hermiae,
885 771 1124 874 agonotheta,
1141 771 1274 872 quibus
1291 785 1489 850 statuarum
1507 774 1567 849 de·

172 890 410 967 dicandanrm
427 915 516 966 cura
530 889 649 966 firerat
665 891 865 966 commissa

249 1011 483 1110 Descriptum
509 1009 621 1086 habui
638 1009 685 1085 de
700 1010 877 1110 fragmine
894 1010 991 1086 basis
1007 1010 1047 1086 in
1064 1009 1268 1110 sepulcreto
1281 1011 1390 1110 juxto
1406 1013 1502 1088 viam
1519 1013 1566 1090 od

173 1138 297 1216 vicum
315 1139 513 1214 Turcioum
526 1137 625 1242 Ji»
637 1131 752 1245 ,hm
778 1135 901 1212 sedem
918 1135 1131 1237 Nysensem.
1183 1137 1351 1238 Vestigia
1365 1138 1567 1215 litterarum

173 1261 214 1334 in
230 1257 447 1357 quibusdam
463 1257 554 1332 locis
570 1253 683 1331 ferme
701 1253 947 1330 exoleversnt

250 1379 402 1456 Editum
418 1379 527 1453 video
552 1379 648 1452 inter
664 1375 874 1454 Bdckhiana
894 1400 943 1452 ex
969 1375 1089 1466 variis,
1112 1375 1319 1467 Pocockio',
1342 1376 1565 1463 Letronnio⁸,

173 1501 395 1590 Welckero‘,
419 1501 567 1576 demum
594 1501 775 1576 Horatio.
832 1501 878 1575 In
904 1523 939 1574 v.
960 1501 992 1574 1.
1017 1499 1198 1599 expressit
1223 1497 1308 1574 vd
1337 1504 1567 1584 ΠΩΛΛΙΩΝ,

173 1622 385 1721 compositis
412 1621 511 1698 lectt
539 1645 589 1694 ex
609 1617 765 1695 Pocoolc
784 1631 822 1695 et
838 1619 963 1694 Horst
1014 1621 1248 1694 Evanuerant
1272 1643 1376 1718 paene
1403 1644 1452 1694 ex
1478 1644 1569 1692 mar·

174 1767 276 1818 more
292 1741 409 1818 literae
424 1741 590 1829 nominis,
609 1739 674 1816 sed
690 1739 792 1840 quod
809 1739 901 1814 mihi
917 1739 1104 1838 probatius
1121 1739 1240 1814 visum
1256 1751 1313 1814 est
1324 1739 1471 1814 tentavi.
1523 1741 1569 1812 In

178 1865 209 1936 7.
226 1886 281 1961 pr.
299 1861 539 1936 Horstianum
558 1865 648 1934 ΕΙΝ.
703 1859 853 1935 Rectius
875 1857 1031 1934 Pococlr.
1093 1859 1188 1934 Dein
1205 1859 1244 1932 in
1260 1857 1332 1934 fine
1349 1866 1567 1950 ΑΤΑΡΒΕΟ,

175 1987 211 2062 h.
225 2011 257 2062 e.
276 1977 473 2084 ἀταρβέος,
492 1984 592 2084 quod
618 1983 775 2060 Pooooln
807 1991 1030 2060 ΑΤΑΡΒΕΣ.
1085 1985 1267 2060 Neutrum
1289 1985 1461 2059 marmori
1486 2011 1569 2060 con·

175 2107 288 2182 venit
341 2105 474 2180 Hiatus
491 2117 548 2178 est
572 2104 612 2178 in
639 2103 725 2180 sede
743 2117 873 2202 quarta
897 2128 947 2180 ex
972 2128 1125 2180 numero
1142 2129 1217 2178 non
1233 2103 1471 2179 vitiosorum'.
1525 2109 1570 2180 In

179 2233 235 2303 ll.
267 2229 765 2303 [ΥΙΩΜΑΧΟΥΚΥΑΝΙΟΥ.
837 2225 931 2300 Haec
959 2223 1197 2314 Pocockiana,
1227 2247 1384 2322 quorum
1412 2227 1569 2324 primum

177 2361 300 2448 aperte
327 2346 542 2422 mendosum
569 2359 634 2423 est
700 2345 937 2447 Symmachus
962 2347 1114 2422 fortasse
1141 2359 1219 2421 erat
1247 2369 1389 2433 nomen,
1411 2349 1511 2446 quod
1533 2364 1569 2423 et

178 2465 363 2544 Bochhius
384 2465 637 2564 comprobavit
659 2487 708 2540 ex
730 2464 958 2540 Horatianis:
986 2465 1230 2565 cogitaveram
1259 2463 1306 2540 de
1326 2467 1567 2544 Nicomacho:

178 2591 243 2668 sed
259 2589 307 2666 ad
322 2589 424 2664 litem
440 2587 680 2663 dirimendam
697 2587 763 2662 vix
779 2611 887 2687 opem
903 2587 1067 2662 attulerit
1082 2611 1248 2662 marmor.

254 2707 358 2784 Idam
381 2707 427 2782 de
457 2719 561 2782 etate
588 2705 698 2806 hujus
724 2705 823 2782 tituli
850 2704 1045 2780 dicendum
1072 2705 1172 2802 quod
1200 2705 1246 2782 de
1276 2733 1309 2782 n.
1338 2731 1412 2784 cnr.
1441 2733 1570 2804 nempe

179 2829 289 2905 fuisse
307 2828 589 2904 Antoninomm

796 3080 899 3157 CXI.
925 3080 960 3154 d.
1033 3155 1038 3164 .

255 3287 402 3362 Titulus
431 3285 657 3385 conscriptus
686 3285 927 3362 inhonorem
961 3287 1109 3362 Inventi
1138 3286 1337 3387 cujusdam,
1365 3293 1430 3390 qui
1456 3291 1576 3370 fuerat

180 3407 330 3507 insignis
360 3407 505 3496 athleta,
527 3407 795 3506 pancratiastas,
812 3420 881 3483 etc.
905 3419 944 3483 et
972 3407 1119 3484 civitate
1143 3407 1298 3485 donatus
1320 3437 1342 3486 a
1370 3412 1574 3512 Smyrnaeis,

180 3527 453 3617 Alexandrinis,
471 3527 771 3615 Atheniensibus,
789 3525 1085 3616 Lacedaemoniis,
1105 3527 1307 3604 Trallianis.

254 3648 489 3746 Descriptum
514 3647 628 3721 habui
656 3645 703 3722 de
732 3645 926 3722 columella
952 3670 1036 3720 oum
1063 3643 1240 3721 diametro
1265 3648 1411 3724 circiter
1439 3653 1575 3750 pedum

181 3767 336 3844 duorum
352 3769 392 3842 in
409 3768 519 3843 domo
536 3793 619 3865 quae
634 3767 831 3865 aliquando
848 3767 970 3844 Graeci
987 3767 1173 3865 cujusdam
1199 3767 1318 3843 fuerat
1340 3770 1481 3870 syndici
1499 3774 1575 3846 Bri·

181 3889 317 3964 tannici
334 3889 451 3964 vicem
467 3890 669 3988 praestantis
686 3902 877 3966 asservata
929 3887 1032 3962 Basia
1048 3887 1167 3963 fuerat
1184 3900 1319 3964 stotuae.

219 4184 230 4215 '
252 4179 340 4236 lnsor.
353 4177 455 4255 Antiq.
469 4177 502 4237 P.
513 4195 531 4236 r.
546 4198 575 4238 n.
589 4181 614 4237 1.
629 4197 656 4256 p.
671 4181 715 4242 17.
947 4181 961 4212 ¹¹
980 4174 1025 4234 Sc
1041 4173 1129 4234 MSS.

222 4280 233 4311 ⁸
252 4275 358 4334 Journ.
369 4273 427 4333 des.
442 4275 506 4334 Sev.
522 4277 607 4337 1825.
621 4295 649 4354 p.
659 4280 727 4343 399.
945 4277 959 4307 '
974 4271 1058 4331 eous.
1071 4271 1167 4350 Heyn.
1177 4271 1301 4329 Excurs.
1316 4269 1352 4329 da
1366 4269 1462 4328 Hieta
1471 4269 1502 4327 in
1514 4270 1577 4328 Ho-

222 4373 232 4406 ¹
251 4369 362 4450 Syllog.
376 4369 467 4429 Inscr.
481 4389 508 4449 p.
523 4373 590 4431 210.
904 4371 1027 4440 mericis,
1043 4371 1079 4431 ad
1092 4371 1175 4431 lliad.
1189 4371 1219 4440 ι’,
1235 4370 1301 4435 247.
1313 4371 1370 4430 sub
1380 4369 1429 4429 fin.
