3992 5240
143 561 604 642 rsscs.csxxv1u.‚cmrx.]
664 554 1028 622 PHILADELPHIA.
1421 627 1424 634 ¹
1487 553 1549 617 163

148 751 371 846 Παιτιαυοῦ,
392 747 577 855 ἄρξαντος
595 751 655 830 καὶ
680 749 795 828 αὐτοῦ
817 745 912 847 μετὰ
934 744 1061 832 πάσας
1093 743 1210 852 ἀρχὰς
1234 747 1294 826 καὶ
1313 745 1546 847 λειτουργίας

147 887 211 966 καὶ
242 880 311 982 τὴν
334 881 486 986 πρώτην
510 882 756 986 στρατηγίαν,
787 881 810 981 ἡ
846 877 927 984 ἱερὰ
957 875 1061 986 φυλὴ
1092 881 1166 958 τῶν
1185 877 1352 959 σκυτέων
1377 875 1470 958 κατὰ
1500 875 1546 957 τὰ

149 1014 224 1098 ὑπὸ
244 1020 310 1114 τῆς
330 1015 532 1118 κρατίστης
548 1017 696 1113 Βουλῆς
715 1013 776 1092 καὶ
789 1012 856 1091 τοῦ
867 1005 1136 1112 λαμπροτάτου
1148 1005 1282 1107 Δήμου
1300 1004 1546 1113 ψηφισθέντα

711 1144 777 1243 (sc.
796 1145 1002 1245 ἐτιμησεν).

229 1361 375 1434 Titulus
392 1383 441 1433 ex
464 1359 675 1448 honorariis,
692 1359 895 1458 descriptus
913 1358 958 1432 de
975 1358 1150 1456 fragmine
1168 1358 1263 1431 basis
1281 1369 1407 1430 statuae
1424 1381 1506 1454 quae
1523 1383 1544 1428 a

150 1505 253 1554 sacru
270 1481 369 1554 tribu
385 1480 618 1554 coriariorum
638 1481 837 1555 secundum
855 1480 1040 1555 decretum
1061 1480 1213 1556 Senatus
1231 1493 1268 1555 et
1284 1481 1416 1578 Populi
1427 1481 1544 1554 Phila·

149 1596 415 1695 delphenorum
431 1598 549 1694 posite
564 1596 683 1672 fuerat
698 1599 737 1671 in
753 1600 963 1672 memoriam
981 1600 1164 1696 alicujus¹³‚
1190 1598 1257 1673 filii
1274 1601 1542 1698 Hephaestionis

149 1718 313 1804 Paetiani,
341 1716 534 1814 multiplici
557 1717 770 1815 magistratu
794 1717 921 1806 functi,
939 1720 1150 1794 nominatim
1173 1721 1289 1818 prima
1306 1724 1484 1819 strategio,
1502 1737 1544 1795 ut

150 1838 370 1914 concludere
399 1839 485 1914 licet
514 1864 563 1912 ex
592 1865 650 1914 vr.
680 1843 764 1914 4-9.
825 1840 957 1916 Cotem
983 1864 1066 1937 quae
1093 1841 1233 1914 obierat
1261 1865 1420 1926 munero,
1438 1856 1479 1914 ut
1506 1855 1543 1915 et

151 1961 271 2058 ipsum
289 1985 432 2046 nomen,
449 1961 487 2034 in
504 1960 658 2034 exordio
675 1961 772 2035 tituli
799 1973 995 2036 memorata
1021 1959 1256 2059 lapicidarum
1274 1961 1423 2058 iujurias
1439 1987 1543 2059 pessa

152 2093 257 2154 sunt:
287 2080 351 2154 sed
369 2079 439 2153 hoc
456 2105 562 2178 ponc,
581 2080 680 2155 solva
696 2084 906 2179 conjecturo
922 2081 1016 2156 infre
1032 2083 1069 2156 in
1087 2095 1173 2156 nota
1189 2083 1336 2180 prolatu.

711 2415 930 2492 CLXXIX.
957 2443 991 2517 g.

653 2623 825 2695 uum

663 2735 909 2806 trem

650 2845 973 2919 rureuooreut

650 2933 929 3062 scrupeos

651 3068 965 3139 τατυτςυακα

707 3179 1041 3250 rerumrerum

736 3291 962 3362 ταοοιΛΗ

542 3511 1146 3584 ΠῬΟΝΟΗΣΑΜΕΝΟῊΗΣΑΝΑ

542 3621 1134 3698 ΣΤΑΣΕΕΩΣΠΒοΚΛςΘΑΛΛΟΥ

437 3731 482 3804 10
541 3734 1142 3808 ΤΟΥΙΔΙΟΥΑΠΗΣΘΡΕΠΤΟ*

189 4034 408 4102 ¹'Crediderim
415 4033 629 4111 Hephaestionis
635 4029 821 4107 Petiuuiqui
871 4033 926 4090 tim
936 4031 1053 4092 tradidi.
1068 4032 1162 4092 Adest
1172 4051 1240 4091 vero
1251 4033 1432 4110 suspiciosos
1441 4043 1539 4111 portes

27 4181 29 4208 ,
150 4135 180 4191 in
194 4133 286 4193 titulo
299 4141 448 4210 preeunte
460 4142 646 4192 memoretur.
674 4131 821 4208 Descripsi
869 4131 959 4190 fuisse
972 4131 1101 4206 ejusdem
1121 4131 1205 4200 basis,
1221 4140 1251 4188 et
1264 4151 1316 4188 nos
1329 4131 1435 4190 habere
1449 4153 1486 4192 ex
1501 4137 1537 4192 ti-

28 4229 29 4234 ’
150 4243 179 4290 et
188 4233 270 4292 huno
281 4243 312 4290 et
324 4231 449 4290 alterum
462 4231 499 4290 de
511 4231 657 4309 lapidibus
676 4231 707 4288 in
721 4230 819 4289 eodem
869 4231 934 4289 tulo
947 4241 1073 4308 utroque
1081 4231 1238 4306 conjuncto
1248 4231 1395 4307 integrum
1406 4249 1499 4290 unum
1509 4243 1539 4290 et

149 4331 233 4390 domo
251 4333 289 4388 ab
307 4331 429 4390 invicem
442 4329 567 4401 dissitis3
587 4329 695 4390 idcirco
709 4347 820 4408 sepum·
870 4331 1045 4390 absolutum.

813 4430 870 4493 r2
