4004 5264
177 575 284 620 xxscn.
301 557 484 638 1.v1.‚1.vn.]
722 547 1048 616 APHRODlSIAS.
1533 549 1571 611 31

177 747 323 851 πατέρα
348 747 462 826 αὐτοῦ
490 747 530 825 ἐν
554 749 634 828 ταῖς
664 745 730 844 τῆς
760 739 874 848 τύχης
904 745 1119 848 συμφοραῖς
1142 745 1222 825 ταῖς
1246 735 1286 821 τὲ
1311 736 1572 844 δυσπραξίαις.

179 875 317 964 Γονεὺς
341 876 614 983 Μητροδώρου,
639 883 706 956 τοῦ
726 875 869 960 Γονέως
888 913 1172 934 ········
1194 871 1383 959 Μιθύλιος
1407 871 1573 979 Πύῤῥου,

747 1003 1001 1110 Γραμματεύς.

798 1235 900 1310 LVI.
928 1260 959 1309 0.

506 1403 1269 1475 ΗΒΟΥΛΗΚΑΙΟΔΗΜΟΣΕΤΕΙΜΗΣΑΝ

504 1517 1238 1588 ΣΩΚΡΑΤΗΝΘΕΟΦΡΑΠΟΥΑΝΔΡΑ

508 1632 535 1697 Γ
537 1628 1106 1700 ΕΝΟΜΕΝΟΝΚΑΛΟΝΚΑΙΑΓ
1106 1631 1242 1702 ΑΘΟΝ

179 1771 231 1850 Ἡ
264 1765 392 1870 Βουλῆ
426 1771 487 1850 καὶ
518 1771 539 1849 ὁ
572 1773 703 1869 Δῆμος
737 1769 920 1870 ἐτίμησαν
938 1767 1140 1875 Σωκράτην
1165 1769 1433 1879 Θεοφράστου,
1459 1771 1577 1877 ἄνδρα

579 1897 782 2005 γενόμενον
801 1900 921 1984 καλὸν
940 1907 1001 1984 καὶ
1021 1900 1175 2008 ἀγαθόν.

260 2072 405 2146 Titulus
423 2072 636 2148 honorafius
653 2097 676 2147 a
696 2074 833 2150 Senatu
849 2089 886 2151 et
903 2075 1048 2174 Populo
1068 2075 1262 2175 profectus.
1318 2075 1483 2152 Socrates
1501 2076 1577 2170 qui·

182 2195 267 2268 dam
281 2192 327 2267 de
337 2195 574 2292 popularibus
592 2193 666 2268 suis
683 2195 809 2271 laudes
826 2211 1008 2272 meruerat
1019 2197 1218 2274 honestatis
1231 2211 1269 2273 et
1278 2199 1432 2274 virtutis.
1461 2199 1576 2273 Aetas

183 2325 445 2534 mceggscripsi
467 2436 514 2510 de
537 2461 642 2511 muro
659 2435 883 2512 occidentali.
937 2436 1087 2512 Editum
1104 2437 1213 2514 video
1236 2439 1332 2515 inter
1350 2439 1574 2516 Bbckhiana‘

183 2580 233 2628 ex
259 2555 475 2654 apographis
505 2555 691 2632 Sherardi¹
712 2567 749 2630 et
774 2555 1008 2655 spanhemii·.
1061 2555 1101 2632 A
1117 2558 1327 2636 Fellowsiob
1345 2585 1501 2659 quoque,
1529 2587 1578 2636 ex

188 2673 355 2772 propn'is.
426 2674 636 2750 Omiserant
672 2676 811 2774 priores
848 2699 995 2750 versum
1038 2678 1206 2754 ultimum
1245 2705 1355 2777 quem
1398 2681 1581 2779 supplevit

185 2794 275 2868 Fell.
331 2801 448 2870 ΕΣΜ.
471 2849 480 2870 .
499 2802 909 2873 ΜΟΝΚΑΛΟΝΚΑΙΑΓ
909 2805 997 2873 ΑΘ.
1016 2852 1025 2872 .
1044 2801 1109 2874 ubi
1125 2813 1224 2876 recte
1238 2803 1432 2878 Wienerus
1445 2809 1580 2877 ΓΕΝΟ-

187 2919 373 2990 ΜΕΝΟΝ.

796 3036 919 3112 LVII.
945 3061 980 3134 p.

766 3205 976 3279 ΗΠΑΤΡΙΣ

759 3318 1043 3388 ΤΙΒΕΡΙΟΝΚΛ

763 3431 1005 3501 ΑΥΡΗΛΙΟΝ

763 3542 980 3612 ΤΙΒΕΡΙΟΥ

689 3652 711 3724 5
765 3655 1004 3726 ΚΛΑΥΔΙΟΥ

764 3769 1025 3838 ΚΑΠΕΤΩΛΕΙ

762 3881 963 3950 ΝΟΥΥΟΝ

763 3995 969 4064 ΚΤΗΣΙΑΝ

761 4107 1058 4179 ΤΟΝΡΗΤΟΡΑ

228 4267 240 4300 ’
255 4263 318 4324 Ubi
328 4281 391 4340 sup.
405 4259 508 4342 p.516.
522 4281 550 4324 n.
561 4261 649 4330 2780.
951 4264 965 4293 ⁸
979 4267 1050 4326 Cod.
1062 4285 1091 4327 n.
1104 4267 1149 4330 16.

228 4362 325 4423 ¹God.
338 4381 367 4440 p.
378 4365 406 4427 9.
440 4361 514 4420 Ask.
529 4360 585 4426 οἵ.
952 4365 1039 4424 bUbi
1053 4387 1118 4445 sup.
1131 4389 1158 4446 p.
1168 4367 1236 4430 326.
1249 4389 1278 4427 n.
1290 4373 1337 4432 35.
