3952 5238
442 579 503 643 328
986 573 1277 642 AUGTARIUM.
1578 581 1702 662 [urscn.
1718 603 1831 647 nxxxr.

505 767 537 830 5.
564 767 748 831 Συναιτίων.
795 756 849 824 Sic
865 773 1016 824 vocentur
1036 759 1090 845 qui
1115 761 1309 846 conjunctim
1334 787 1405 828 cum
1430 761 1499 828 eliis
1519 764 1554 830 in
1568 789 1601 831 re
1617 767 1724 854 alique
1746 768 1831 856 perfi-

446 870 561 935 cienda
585 891 712 956 operam
734 879 862 936 navant.
907 867 966 932 Est
980 891 1046 932 vox
1065 868 1178 948 medic,
1193 883 1230 934 ut
1244 869 1380 958 simplex
1400 873 1507 950 αίτιος.
1553 872 1643 938 Conf.
1660 874 1833 940 Demosthe

444 985 518 1054 Καὶ,
534 980 577 1054 ὡς
599 977 744 1052 instruit
765 971 955 1060 σύμβουλος
976 981 1025 1042 καὶ
1043 974 1150 1062 ῥήτωρ
1174 979 1236 1063 ἐγιύ
1259 983 1324 1046 τῶν
1343 985 1399 1064 μὲν
1424 983 1456 1046 ἔκ
1481 979 1585 1067 λόγου
1609 988 1737 1048 καὶτοῦ
1757 981 1831 1069 βου-

446 1081 618 1151 λεύσασθαι
633 1079 841 1169 πραχθέντων
855 1078 986 1156 οὐδενὸς
1001 1082 1085 1168 αὐτῷ
1100 1087 1261 1161 συναίτιος
1276 1083 1354 1151 εἶναι
1370 1083 1464 1162 δοκῶ,
1474 1090 1539 1154 τῶν
1550 1085 1578 1154 d’
1589 1090 1622 1154 ἐν
1633 1097 1702 1165 τοῖς
1719 1087 1830 1164 ὅπλοις

445 1191 585 1256 καὶκατὰ
605 1191 663 1266 τὴν
684 1190 875 1274 στρατηγίαν
891 1185 1112 1275 ἀτυχηθέντων
1137 1191 1238 1274 μόνος
1260 1191 1359 1270 σίτιος
1378 1193 1474 1259 εἶναί.
1519 1191 1748 1280 Xenophont.n
1769 1195 1828 1261 Τὸν

442 1301 499 1378 μὲν
515 1291 553 1372 δὴ
568 1293 725 1360 πλεῖστον
752 1293 875 1378 χρόνον
900 1293 981 1359 otro
1006 1291 1111 1382 διῆγεν
1126 1299 1144 1361 ὁ
1162 1302 1279 1383 Κῦρος,
1302 1303 1398 1366 ιτῑισιυ
1421 1297 1539 1378 ἡδονῆς
1557 1307 1613 1385 μὲν
1638 1307 1687 1369 καί
1713 1301 1832 1390 ιἰγαθού

444 1428 532 1476 τινος
548 1403 707 1475 συναίτιος
721 1397 776 1474 ὧν,
792 1405 885 1466 κακοῦ
900 1397 932 1466 di
948 1397 1061 1468 οὐδενί.

510 1502 659 1566 Ceterum
678 1505 837 1568 Συναίτιοι
862 1497 897 1564 in
919 1513 1024 1565 nostro
1038 1499 1186 1566 dicuntur
1201 1527 1326 1590 opernm
1340 1505 1507 1572 contulisse
1530 1505 1570 1572 sd
1586 1508 1828 1594 conquirendam

446 1606 517 1672 urbi
533 1630 595 1671 suae
611 1607 812 1690 αὐτονομίαν.
857 1603 944 1684 Quid
965 1603 1025 1670 hoc
1047 1603 1141 1671 fucrit
1157 1606 1294 1673 breviter
1315 1610 1448 1696 exposui
1467 1609 1502 1674 in
1520 1610 1628 1677 libello
1646 1613 1764 1700 priore,
1778 1614 1829 1679 ubi

448 1725 541 1778 auctt.
557 1709 659 1776 citetis
674 1709 769 1775 addas
784 1708 969 1774 Ciceronem
992 1709 1026 1772 in
1049 1733 1113 1774 uns
1131 1733 1174 1774 ex
1193 1711 1255 1776 suis
1278 1711 1447 1800 epistolis':
1473 1715 1574 1782 Groeot'
1597 1741 1665 1782 nero
1685 1721 1830 1785 asdans

447 1817 856 1907 piodpcreprim'sjodicibus
866 1825 1006 1878 νίυαιιιτι
1017 1815 1211 1900 eupator-idus
1222 1818 1698 1908 quidem‚s'nqoies,Q1ad2-efm?
1720 1823 1827 1888 Tamen

446 1953 475 1994 se
487 1924 680 2012 αὐτονομίαν
691 1927 812 2012 adeptos
823 1934 943 2010 putant.
987 1921 1071 1988 Dein
1080 1947 1091 1999 ,·
1116 1921 1256 1990 Civium
1268 1963 1283 1978 -
1297 1963 1312 1977 ·
1327 1963 1342 1976 ·
1355 1965 1370 1978 ·
1384 1949 1484 1992 omncs
1500 1925 1624 2012 (Asiae),
1640 1929 1703 1992 ιιιίσ
1721 1930 1828 2015 [opibus

446 2047 474 2099 et
489 2035 615 2122 judiciis
628 2056 698 2108 tow,
719 2033 910 2114 αὐτονομίαν
924 2030 1048 2115 adepto,
1063 2029 1250 2094 revicerunt:
1272 2028 1390 2094 donum
1413 2053 1522 2096 revere
1540 2032 1717 2109 umbratile,
1733 2049 1769 2100 ut
1788 2057 1827 2100 ex

444 2140 542 2228 ipsius
556 2137 698 2203 irrisione
713 2135 834 2222 liquido
849 2147 985 2222 apparet,
1001 2147 1034 2198 ct
1048 2133 1134 2220 quod
1148 2157 1166 2198 α
1181 2133 1330 2200 Romanis
1344 2160 1446 2202 ταυτα
1464 2139 1594 2202 dominis
1608 2137 1731 2204 elusum
1746 2139 1828 2204 iden-

444 2245 543 2312 tidem
567 2244 711 2333 legimus.
755 2241 949 2329 Exemplum
967 2240 1037 2328 cepi
1053 2253 1155 2328 potest
1169 2264 1212 2306 ex
1227 2241 1357 2329 epistole
1373 2241 1530 2308 Secundi'
1544 2243 1584 2308 de
1603 2244 1827 2331 Apamensium

445 2351 617 2418 rationibus
642 2347 866 2436 inspiciendis:
896 2347 973 2412 sdeo
998 2371 1108 2412 verum
1134 2359 1200 2412 erut
1223 2347 1308 2432 quod
1333 2347 1373 2412 de
1399 2347 1531 2414 Athenis
1556 2361 1589 2413 et
1608 2349 1826 2416 Lucedaemone

445 2458 590 2524 Maximo
605 2481 662 2523 suo
673 2456 844 2544 scripserat,
860 2455 1014 2544 appellata
1028 2454 1171 2519 libertate
1186 2477 1294 2520 eorum
1304 2455 1414 2520 umbra
1427 2467 1459 2519 et
1472 2457 1616 2520 nomine.

509 2562 604 2644 Quod
630 2559 888 2650 Aphrodisienses
914 2571 1002 2624 erunt
1025 2557 1117 2622 liberi
1140 2557 1288 2623 discimus
1314 2583 1356 2623 ex
1382 2559 1488 2624 Plinio
1510 2559 1663 2646 majoreY3
1692 2561 1754 2626 hoc
1774 2575 1824 2636 est,

443 2674 613 2756 αὐτόνομοι
627 2695 635 2747 ;
658 2692 731 2733 nam
748 2668 884 2732 Romani
899 2666 956 2732 vix
971 2665 1119 2742 sciebant,
1135 2681 1218 2732 certe
1230 2691 1294 2732 non
1309 2669 1469 2747 curabunt,
1484 2691 1599 2732 vocum
1614 2667 1825 2734 distinctiones

444 2799 520 2862 quus
545 2799 602 2862 pro
624 2773 760 2862 ingeniis
784 2773 847 2838 suis
870 2785 934 2838 tam
955 2771 1050 2838 enixe
1074 2771 1274 2838 elaborabunt
1288 2774 1436 2840 Graeculi.
1480 2775 1657 2864 Designare
1679 2777 1824 2842 nimirum

442 2880 584 2946 solebant
598 2881 740 2947 civitates
755 2881 929 2970 ἐλευθέρας,
944 2882 1151 2966 αὐτονόμους,
1175 2881 1305 2958 ἀτελεῖς,
1325 2894 1362 2946 ut
1375 2906 1417 2946 ex
1432 2881 1568 2946 nummis
1582 2881 1617 2947 in
1632 2883 1741 2969 primis
1756 2907 1825 2949 con·

442 2997 523 3063 stet,
534 3008 675 3072 quorum,
688 2983 843 3050 immunes
857 3007 931 3059 esse,
944 2982 1021 3068 quid
1032 2982 1079 3059 sit,
1096 2982 1281 3070 scriptorum
1292 3005 1351 3069 ope
1360 2983 1433 3048 satis
1441 2997 1639 3071 perspectum
1654 2985 1825 3050 hebemus.

442 3093 594 3160 Fructum
620 3093 788 3180 quemdem
812 3116 885 3158 sane
909 3091 1092 3168 offerebatis
1109 3091 1244 3158 ιἰτίλειαε
1267 3101 1420 3175 quantum
1435 3113 1509 3154 vero
1532 3105 1727 3178 percepturae
1742 3106 1826 3157 erant

443 3201 585 3266 civitates
600 3199 732 3266 subdite
747 3223 789 3264 ex
803 3197 946 3266 libertate
967 3195 1006 3262 ob
1020 3193 1260 3281 imperatoribus
1275 3193 1398 3258 indulta
1411 3193 1521 3259 utendi
1536 3193 1659 3282 legibus
1681 3195 1744 3260 suis
1764 3219 1825 3260 non

442 3302 520 3368 sdeo
535 3301 644 3388 liquet.
689 3301 757 3366 Nec
776 3299 876 3388 magis
898 3296 975 3384 quid
998 3295 1174 3362 libertatem
1198 3295 1280 3361 inter
1304 3310 1337 3360 et
1357 3296 1410 3381 jus
1432 3295 1541 3384 pntriis
1562 3297 1685 3385 legibus
1705 3300 1822 3375 utendi,

442 3408 527 3495 quod
541 3419 605 3472 tam
620 3406 715 3472 enixe
737 3405 948 3492 quaesivcrtmt
968 3401 1094 3479 eruditi,
1109 3400 1324 3480 Vaillantiusb,
1340 3401 1509 3481 Maffeiuc,
1526 3403 1705 3493 Belleyus⁶3
1728 3430 1824 3492 quum

441 3513 598 3602 scripserit
612 3511 738 3578 Tullius
761 3511 795 3576 in
817 3510 886 3577 loco
911 3533 1004 3597 supro
1027 3507 1079 3574 cit.
1125 3507 1282 3595 Multaque
1309 3532 1376 3574 sum
1396 3522 1534 3596 sequutus
1557 3509 1712 3586 δυσνοίας
1734 3514 1767 3576 in
1790 3513 1826 3576 iis

438 3623 523 3698 ι’ίίυιί,
534 3623 569 3685 ία
581 3643 639 3706 qno
653 3619 712 3683 sibi
725 3618 891 3683 libertatem
904 3626 1018 3682 ccrtscut
1033 3614 1135 3682 Groeci
1148 3615 1261 3691 dotum,
1270 3625 1304 3678 nt
1322 3613 1424 3681 Greci
1441 3617 1520 3680 inter
1537 3639 1569 3682 se
1589 3617 1749 3704 disceptent
1764 3620 1824 3682 σαι

470 3882 479 3906 ·
498 3874 563 3923 Oret
575 3874 604 3920 ds
612 3872 694 3920 coron.
706 3884 728 3930 p.
738 3871 793 3917 298.
803 3871 841 3916 23.
1191 3871 1202 3906 ¹
1218 3865 1273 3913 Nat.
1286 3865 1348 3913 Hist-
1359 3879 1385 3914 υ.
1397 3869 1435 3915 22.
1449 3870 1470 3916 7.
1504 3867 1580 3918 Immo
1590 3876 1614 3920 ct
1625 3871 1692 3922 ceres
1701 3887 1787 3934 omncs
1799 3880 1824 3922 ut

472 3961 479 3992 ¹
496 3959 634 4018 comparare
651 3969 721 4016 qusss
738 3969 762 4015 p.
774 3957 829 4002 246.
851 3955 888 4001 11.
904 3951 1007 4015 AEsohyl
1022 3951 1107 4014 Agim.
1158 3956 1248 3998 constat
1258 3951 1448 4013 exPolyoxxn
1458 3954 1481 4002 5.
1491 3956 1528 4001 12.

439 4039 629 4107 1085,(1310ms)
1190 4041 1201 4067 ⁸
1216 4035 1310 4083 urin
1319 4036 1365 4084 rol.
1375 4049 1440 4097 rep
1451 4039 1505 4088 262.
1515 4041 1570 4088 268.
1581 4055 1603 4088 ι.

469 4137 480 4162 ⁸
497 4131 553 4177 Inst.
567 4126 621 4185 cyr.
635 4136 651 4170 r.
664 4125 686 4170 4.
700 4123 737 4169 15.
749 4125 810 4168 extr.
1191 4124 1203 4152 ¹
1218 4119 1470 4180 Appunneuffim.
1482 4127 1504 4171 t.
1521 4123 1573 4171 Ην.
1583 4137 1643 4176 xnv.
1652 4129 1688 4176 tt

469 4221 479 4245 v
494 4213 533 4260 Ad
540 4211 612 4258 Attio
622 4221 658 4255 vr.
668 4209 689 4254 1.
701 4209 724 4254 2.
1188 4199 1201 4235 ⁸
1215 4204 1310 4252 Numm.
1323 4205 1364 4254 Gr.
1374 4221 1397 4266 p.
1409 4207 1464 4254 212.

468 4305 483 4330 ⁸·
495 4297 579 4344 Ltus
592 4294 682 4342 56.57.
701 4289 860 4340 Oonf.98.94.
1188 4291 1299 4339 cVeron
1310 4292 1418 4342 illmtrst.
1430 4307 1470 4342 ιιι.
1482 4297 1521 4343 46.

467 4389 480 4416 ¹
497 4382 612 4430 utrm.
625 4379 700 4425 222.
1187 4373 1468 4426 “MdeLTom
1477 4391 1578 4430 mvn.
1589 4385 1676 4444 p419.
