3992 5240
182 573 559 654 mecu.cm1.,cxx111.]
765 565 985 635 GORYCUS.

770 876 934 951 CXXII.
960 876 994 951 h.

470 1041 1297 1115 ΤΟΠΟΟΚΑΛΑΡΟΠΙΟΥΥΙΟΥΤΑΡΟΕΙΟΥ

525 1199 652 1288 Τόπος
672 1203 919 1305 Καλαροπίου
940 1206 1020 1282 υἱοῦ
1038 1205 1239 1308 Ταρσείου.

261 1380 408 1454 Titulus
427 1378 644 1476 sepulcralis.
696 1378 917 1475 Designatur
940 1379 1041 1451 locus
1069 1378 1264 1476 sepulturae
1281 1378 1345 1474 qui
1363 1377 1409 1452 ad
1433 1377 1575 1452 Caluro-

180 1501 293 1597 pium,
313 1497 427 1571 filium
447 1497 582 1584 Tamen
600 1496 830 1594 pertinuerat.

768 1759 953 1837 CXXIII.
979 1761 1001 1832 i.

487 1929 614 2025 ΕΞΟΝ
627 1977 636 1996 .
649 1931 856 1999 ΕΕΙΝΑΙΤ.
872 1977 881 1998 .
898 1979 907 1998 .
925 1929 1066 2000 .ΟΚο.
1081 1929 1196 2000 ΙΔΟΥ

484 2043 754 2111 ΤΕΘΗΝΑΙΔ.
768 2043 1119 2112 ΚΑΙΑΡΡΙΑΟΕΛΠΙ

486 2154 709 2224 ΟΝΥΟΙΟΝ
721 2203 833 2223 .....
847 2155 1186 2226 ωΝΟΠΟΓΙΛΙΟΟ

486 2268 758 2336 ΚΑΙΕΛΠΙΔΑ.
775 2317 784 2335 .
801 2268 1021 2338 .ΟΟΚΕΙΤ.
1037 2271 1107 2337 .Ε.
1124 2317 1133 2336 .
1149 2317 1158 2336 .
1175 2317 1184 2335 .
1199 2269 1275 2336 ΙΑΝ

411 2379 432 2448 5
489 2427 730 2448 ..........
743 2381 1014 2450 ΜΗΔΕΝΑΕΤ
1025 2429 1239 2449 .........
1253 2381 1329 2449 ΙΑΝ

183 2541 301 2651 Ἐξὸν
335 2541 376 2624 δὲ
410 2539 502 2625 εἶναι
533 2547 585 2654 τῷ
615 2545 893 2650 Διοσκουρίδου
920 2594 1232 2608 ········
1266 2551 1416 2650 τεθῆναι
1446 2545 1486 2626 δὲ
1517 2551 1577 2628 καὶ

185 2675 340 2782 ’Appias-
370 2674 655 2785 Ἐλπιδαφόροο
686 2679 747 2757 καὶ
780 2723 987 2738 ·····
1022 2675 1242 2775 Διονύσιον,
1269 2671 1321 2758 ὧν
1351 2681 1371 2759 ὁ
1405 2675 1577 2765 Πόπλιος

188 2857 855 2872 ···············
877 2813 938 2889 καὶ
948 2805 1231 2917 Ἐλπιδαφόρος
1251 2816 1378 2892 κεῖται·
1398 2809 1577 2917 ἐξουσίαν

187 2943 226 3023 δὲ
258 2987 879 3003 ··············
914 2941 1056 3042 μηδένα
1087 2943 1215 3047 ἕτερον
1246 2941 1417 3049 ε’νθᾶψαι·
1452 2943 1575 3026 ἐὰνδὲ

802 3109 835 3152 κ.
857 3109 892 3154 τ.
915 3084 953 3153 λ.

262 3251 408 3325 Titulus
425 3275 474 3324 ex
489 3249 610 3324 loculo
637 3249 828 3349 sepulcrali
853 3250 1003 3323 mutilus
1019 3262 1057 3322 et
1072 3249 1251 3348 principio
1268 3262 1305 3323 et
1321 3249 1403 3338 fine,
1421 3276 1504 3325 cum
1522 3251 1577 3326 Iit·

187 3373 272 3445 teris
289 3395 399 3470 porro
414 3369 489 3444 fere
507 3369 669 3444 evanidis
685 3369 797 3444 saetis.
853 3369 938 3445 Solu
960 3363 1042 3466 quae
1059 3393 1185 3442 eruere
1203 3383 1365 3466 poteram
1382 3384 1493 3458 erunt,
1515 3374 1576 3466 jus

188 3493 382 3590 sepulturae
408 3515 619 3566 conoessum
648 3489 759 3564 fuisse
786 3488 974 3586 cujusdam
1003 3488 1231 3562 Dioscuridae
1253 3489 1314 3562 vel
1343 3491 1490 3590 conjugi
1517 3491 1576 3564 vel

40 3697 43 3706 ,
186 3613 320 3700 liberis,
350 3635 493 3685 necnon
521 3608 605 3684 filiis
637 3610 767 3698 Arm,
796 3633 879 3706 quae
904 3609 943 3682 in
969 3620 1073 3706 purte
1103 3609 1289 3706 superiore
1325 3610 1480 3683 abscissa
1505 3636 1576 3684 me·

187 3743 324 3805 morata
340 3729 494 3816 videtur,
512 3753 652 3828 nempe,
670 3728 928 3828 Elpiduphom,
945 3729 1132 3830 Dionysi0‚
1150 3743 1187 3805 et
1203 3729 1353 3805 sortasse
1367 3732 1509 3820 Publio,
1528 3759 1576 3808 ex

187 3851 320 3948 quibus
338 3847 527 3924 defunctos
544 3849 654 3923 fuisse
672 3849 812 3923 dudum
829 3849 1117 3948 Elpidnphorum
1141 3863 1179 3924 et
1204 3851 1375 3924 Publium
1391 3853 1577 3950 profitenti

186 3972 312 4048 similis
328 3983 385 4045 est
400 3970 536 4044 titulus.
578 3969 670 4043 Haec
686 3968 825 4067 excipit
842 3968 999 4042 solemn
1015 3969 1223 4044 interdictio
1239 3971 1463 4045 monumenti
1479 3973 1576 4044 invu-

187 4092 307 4180 dendi‚
325 4089 561 4176 ubulienendi,
580 4102 646 4165 etc.
665 4114 747 4186 quae
763 4113 866 4187 paene
885 4090 1033 4164 omnino
1049 4090 1189 4172 absunt

261 4209 525 4311 Apogruphum
536 4209 652 4284 habeo
663 4207 926 4284 Borrelh'enum
940 4222 1153 4284 contextum
1167 4233 1215 4292 ex
1229 4208 1370 4284 schedis
1388 4210 1446 4282 D'²¹
1457 4213 1575 4286 Rossii

185 4334 230 4408 de
259 4331 513 4430 Bladensburg
546 4355 593 4405 ex
624 4355 698 4427 quo
724 4353 851 4428 purum
885 4329 1030 4428 profec'u
1096 4329 1276 4428 Exempla
1309 4331 1390 4424 sint,
1420 4332 1458 4405 in
1485 4358 1517 4405 v.
1542 4338 1572 4407 1.
