3972 5240
168 543 394 623 insonnem]
758 533 963 604 CREMNA.
1514 537 1576 600 261

258 725 418 825 Insignis
437 737 492 800 est
508 726 699 824 congeries
725 724 1010 824 fragmentorum
1028 749 1110 822 quae
1137 725 1183 800 de
1206 722 1400 800 ruderibus
1419 723 1578 820 disjectis

174 845 375 945 cujusdam
402 843 675 945 hyperthyridis
704 843 742 916 in
760 844 842 918 vico
864 841 1033 919 Glermelt
1057 842 1278 940 descriptum
1301 841 1421 916 habui
1474 843 1579 916 Frus-

175 967 261 1042 tula
277 967 316 1038 in
334 991 379 1041 eo
396 991 470 1062 quo
486 965 577 1040 mihi
594 967 834 1040 occmrebant
851 965 978 1040 ordine
997 965 1169 1063 disposui,
1186 963 1299 1037 immo
1325 987 1409 1038 cum
1436 965 1578 1038 mendis

174 1087 270 1186 ipsis
288 1111 370 1184 quae
387 1087 483 1160 inter
500 1085 781 1160 describendum
804 1085 933 1160 admisi
950 1086 989 1158 in
1006 1085 1104 1158 hunc
1121 1083 1230 1157 finem
1248 1097 1290 1158 ut
1306 1109 1328 1158 a
1344 1084 1577 1183 peritioribus

173 1205 336 1280 eandem
353 1205 448 1279 viam
466 1230 550 1280 cum
567 1229 625 1278 me
642 1205 813 1303 ingressis
831 1203 1070 1302 auspicatiora
1084 1202 1247 1276 referam.

261 1325 400 1400 Seriem
426 1326 636 1400 continuam
664 1327 704 1400 in
730 1326 942 1400 minusculis
968 1351 1058 1423 quas
1085 1326 1236 1424 apposui
1264 1325 1405 1401 efficere
1427 1341 1577 1401 conatus

174 1469 285 1540 sum3
313 1458 435 1520 utrum
463 1445 620 1524 feliciter
649 1449 746 1536 satis,
779 1443 1002 1524 doctioribus
1029 1447 1269 1545 judicandum
1298 1448 1473 1544 relinquo.
1534 1461 1578 1524 In

176 1567 312 1664 primis
344 1567 510 1665 supplevi
532 1574 822 1649 ΟΟΤΑνΙΑΝΟ
849 1570 933 1668 (ubi
959 1569 1064 1669 potui
1082 1574 1298 1644 ΤΒΑΙΑΝΟ
1327 1572 1578 1644 ΗΑΔΒΙΑΝΟ

176 1685 275 1782 ete.)
296 1687 344 1760 ob
361 1688 539 1762 coloniam
557 1689 603 1763 ab
623 1689 796 1790 Augusto
813 1690 1017 1777 deductam,
1046 1689 1146 1788 quod
1167 1689 1323 1763 edocent
1345 1715 1575 1763 nummorum

176 1808 354 1883 Cremuae
381 1808 596 1908 epigraphae,
620 1824 658 1886 et
685 1811 770 1908 quia
796 1811 1014 1886 crediderim
1041 1809 1140 1886 hunc
1165 1811 1313 1886 titulum
1340 1809 1451 1884 fuisse
1480 1812 1576 1885 inter

176 1927 434 2024 antiquissima
466 1929 618 2004 coloniae
646 1942 889 2018 monumenta,
922 1931 962 2004 iu
985 1953 1142 2028 eumque
1171 1928 1322 2003 fortasse
1351 1928 1459 2002 finem
1494 1955 1576 2004 con·

176 2059 326 2121 textum
353 2060 395 2120 ut
417 2048 627 2121 memoriam
649 2047 703 2121 rei
720 2059 959 2122 conservaret.
1016 2045 1196 2122 Notabilis
1214 2070 1359 2144 quoque
1378 2047 1487 2120 estin
1505 2047 1575 2120 hoc

173 2165 222 2237 fr.
253 2189 287 2236 v.
313 2166 344 2236 2.
372 2164 509 2238 mentio
538 2163 734 2251 duumviri,
761 2163 807 2238 de
835 2165 975 2260 quoin
1003 2165 1156 2240 coloniis
1182 2167 1395 2265 magistratu
1416 2165 1575 2240 viderint

174 2287 279 2360 lectt.
291 2284 345 2357 tit.
358 2307 439 2360 cxc.
458 2309 553 2383 supr.
584 2284 757 2373 Dein,vel
770 2285 907 2383 primus
921 2298 1088 2384 aspectus
1101 2286 1314 2360 monstravit
1331 2285 1573 2384 fragmentum

175 2405 283 2502 quod
308 2418 476 2504 quamam
493 2403 669 2503 descripsi
694 2429 772 2478 esse
798 2429 881 2480 cum
898 2407 927 2480 b.
945 2405 1249 2504 conjungendum.
1301 2407 1345 2479 In
1362 2407 1493 2480 ceteris
1512 2407 1575 2480 du-

174 2523 324 2600 bitandi
348 2524 450 2598 locus
467 2537 542 2618 est;
569 2524 634 2598 sed
662 2524 838 2599 hactenus
866 2526 993 2599 saltem
1016 2525 1225 2624 probandus
1242 2527 1343 2599 venit
1359 2525 1449 2599 ordo
1466 2551 1575 2623 quem

176 2644 323 2740 subjeci
339 2643 441 2740 quod
457 2644 660 2718 litterarum
677 2643 865 2742 dispositio
883 2644 999 2740 qualis
1011 2645 1049 2716 in
1059 2644 1246 2743 particulis
1262 2645 1349 2742 ipsis
1366 2649 1576 2744 conspectui

174 2766 291 2840 obvia
307 2779 362 2838 est
379 2764 569 2838 incolumis
586 2765 699 2840 serme
718 2779 889 2839 servatur.
950 2766 1035 2840 Hoc
1058 2765 1178 2839 statim
1205 2765 1396 2839 advertent
1421 2765 1574 2838 lectores

175 2885 316 2961 eruditi
327 2911 419 2983 quos
429 2887 584 2984 paucula
595 2885 853 2985 praelibationis
869 2886 983 2959 instar
994 2885 1151 2959 monitos
1164 2883 1259 2972 volo,
1269 2883 1381 2980 idque
1394 2886 1432 2958 in
1446 2886 1572 2959 ordine

175 3031 257 3105 quo
273 3007 407 3081 chartis
425 3006 603 3081 mandavi.
1140 3031 1143 3038 ’

257 3129 446 3202 Habemus
475 3128 514 3200 in
537 3126 579 3201 sr.
599 3128 633 3228 f.
653 3133 741 3215 VlB,
769 3125 959 3201 manifesto
981 3134 1128 3215 vtsvs,
1150 3140 1193 3202 ut
1213 3127 1251 3201 in
1272 3131 1324 3203 tit.
1344 3155 1438 3228 supr.
1458 3154 1570 3206 cxxx.

176 3252 243 3327 Sic
262 3233 491 3334 Gerrnrdus'‚
510 3271 559 3321 ex
579 3245 748 3320 Reinesio
766 3257 804 3319 et
820 3245 964 3331 Ursam,
979 3251 1078 3322 VlB.
1101 3251 1253 3320 fecta.

256 3367 469 3466 Designatio
489 3367 529 3439 in
555 3365 598 3439 fr.
616 3391 640 3441 a.
659 3365 794 3462 optime
811 3365 982 3438 convenit
998 3389 1083 3438 cum
1099 3365 1221 3438 verbis
1247 3365 1455 3440 Strabonis'
1474 3393 1570 3465 supr.

173 3523 225 3572 sc.
245 3481 315 3586 τὴν
332 3481 402 3584 μὲν
421 3485 487 3564 οὖν
507 3479 689 3588 Κρήμναν
708 3481 857 3562 ἄποικοι
874 3477 1065 3582 Ῥωμαίων
1084 3481 1251 3588 ἔχουσιν,
1271 3517 1354 3589 quse
1371 3505 1409 3566 et
1435 3497 1574 3568 nummi

172 3617 362 3691 illustrant
376 3612 508 3708 quibus
525 3609 733 3710 epigraphae
754 3621 838 3683 sunt
851 3614 961 3684 cot..
975 3615 1207 3692 tvtmvo.
1224 3619 1273 3686 ΡΕ
1287 3665 1296 3686 .
1309 3619 1518 3688 ΕΒΕΜΝΑ.
1535 3629 1573 3689 et

175 3739 328 3812 moe.
345 3737 438 3808 cot
455 3785 464 3805 .
482 3733 576 3806 CN.

255 3853 389 3926 Haereo
413 3847 675 3946 aliquantulum
704 3845 807 3920 infr.
831 3871 856 3924 c.
919 3847 1082 3939 Constet
1105 3864 1148 3926 ut
1170 3851 1258 3940 dixi,
1287 3867 1453 3952 oportere
1478 3856 1572 3931 illud

173 3998 262 4050 cum
290 3971 333 4045 fr.
353 3971 382 4045 b.
401 3971 576 4045 connecti.
630 3969 729 4064 Quid
745 3994 833 4044 vero
851 3971 1082 4046 statuendum
1107 3987 1162 4049 est
1182 3975 1228 4050 de
1251 3983 1285 4052 V
1305 3977 1344 4050 in
1370 3975 1442 4050 fine
1460 4003 1493 4051 v.
1509 3979 1571 4056 l.?

214 4241 227 4268 '
243 4234 323 4293 Vide
337 4235 439 4313 Siglnr.
455 4235 537 4296 Rom.
555 4237 586 4295 in
601 4237 735 4316 Append.
747 4233 845 4296 Lexic.
938 4239 957 4266 ⁸⁹
969 4233 1045 4292 Vide
1060 4249 1115 4291 xu.
1129 4231 1158 4294 6.
1173 4236 1238 4292 sub.
1252 4233 1301 4293 fin.

168 4333 328 4396 Forcellin.
343 4353 370 4412 p.
379 4333 426 4398 72.
438 4355 461 4394 c.
935 4337 949 4366 ¹
965 4331 1041 4390 Vide
1051 4329 1170 4390 Eclrhel.
1181 4334 1234 4392 ubi
1244 4352 1324 4410 supr.
1335 4335 1391 4392 vol.
1399 4351 1441 4393 ru.
1451 4355 1478 4413 p.
1490 4343 1535 4398 20.
1543 4361 1568 4396 a.
