3992 5240
478 561 539 626 146
883 558 933 622 IN
936 556 1238 624 SCRIPTIONES
1261 555 1452 623 GRAEOAE.
1618 555 1739 644 [rusca.
1755 577 1861 622 cum.

477 752 623 856 ἡμέρων
642 745 674 830 θ
678 775 686 790 ·
709 749 813 835 εἴτις
833 748 873 830 δὲ
893 749 1033 832 τούτων
1052 747 1239 856 ἀπειθήσῃ
1260 748 1516 852 ἀναγνώσεται
1537 747 1603 835 τὰς
1619 747 1791 850 δυνάμεις
1803 757 1861 829 τοῦ
1969 815 1970 844 p

479 881 583 969 Διός·
615 882 940 983 ἐπιμελησαμένου
955 881 1162 962 Διονυσίου
1182 880 1377 986 Διοδώρου
1402 884 1464 962 καὶ
1482 879 1734 986 Ἑρμογένους
1754 886 1862 961 Βαλε·
1969 951 1970 988 .

801 1015 896 1116 ρίου.
947 1005 1085 1098 ''Erovr
1104 1004 1205 1108 σνς’,
1224 1008 1340 1112 μηνὸς
1359 1009 1551 1117 Δύστρου.

556 1208 700 1281 Titulus
728 1219 985 1280 commemorat
1011 1230 1137 1303 preces
1165 1217 1249 1278 octo
1277 1205 1418 1280 dierum
1446 1205 1494 1279 ad
1517 1209 1650 1282 Jovem
1672 1207 1862 1306 Masphala·
1969 1203 1970 1292 i

482 1344 606 1404 tenum
629 1340 666 1400 et
683 1327 935 1399 Menitiamum
963 1339 1000 1399 et
1027 1325 1336 1423 Menityrannume
1364 1350 1386 1399 a
1413 1351 1514 1400 sacro
1537 1327 1696 1424 quodam
1720 1329 1860 1426 collegio

485 1441 685 1550 (dodpp⁶?)
704 1451 902 1524 secundum
927 1449 1136 1524 mandatum
1154 1450 1305 1523 deorum
1318 1451 1448 1546 jussas,
1469 1475 1697 1549 poenamque,
1716 1479 1762 1528 sc.
1783 1454 1859 1526 iram

483 1573 598 1657 iovis,
611 1571 881 1644 contumacibus
911 1571 1094 1656 indictam,
1122 1570 1350 1645 amatoribus
1368 1571 1545 1670 Dionysio
1570 1585 1608 1646 et
1630 1575 1858 1672 Hermogene.

485 1695 645 1789 Tempus
663 1691 842 1778 definitur,
860 1717 974 1764 annus
992 1689 1139 1789 epochae
1157 1691 1320 1764 Actiacae
1337 1693 1460 1778 256225
1478 1692 1512 1765 h.
1526 1717 1556 1766 e.
1576 1693 1622 1769 U.
1635 1693 1677 1768 C.
1696 1697 1775 1768 979.
1791 1707 1862 1792 post

485 1813 570 1888 Chr.
588 1815 671 1886 226.
690 1825 862 1912 regnante
875 1811 1089 1886 Alexandro
1108 1812 1253 1899 Severo,
1271 1825 1312 1886 ut
1329 1813 1367 1885 in
1381 1813 1488 1886 titulo
1505 1827 1699 1912 praeeunte.
1736 1812 1861 1887 Mensis
1969 1893 1970 1896 Ἴ

485 1947 540 2006 est
557 1936 722 2032 Dystrua
739 1959 868 2031 nempe
887 1934 1034 2030 quintus
1051 1933 1303 2007 Macedonum.

561 2051 746 2147 Descripsi
763 2049 808 2123 de
826 2075 1003 2124 marmore
1019 2051 1058 2124 in
1076 2050 1185 2124 domo
1199 2051 1319 2128 Graeci
1336 2051 1524 2148 cujusdam
1542 2053 1601 2126 cui
1624 2078 1757 2127 nomen
1775 2053 1862 2128 Elias
1969 2131 1970 2148 2

488 2179 581 2254 Sava
609 2203 692 2251 oum
725 2178 882 2251 Turcico
908 2173 1057 2286 ῥὲρρρ
1083 2177 1234 2274 adjecto.
1303 2177 1564 2276 Anaglyphum
1595 2179 1703 2253 titulo
1734 2180 1863 2276 subjici·
1969 2251 1970 2260 ,

486 2301 614 2372 ebatur
630 2323 712 2373 cum
730 2299 904 2394 protomis
927 2298 1077 2383 duabus,
1097 2299 1202 2373 Jovis
1226 2297 1377 2372 fortasse
1400 2299 1468 2371 sub
1494 2298 1649 2398 imagine
1673 2313 1711 2374 et
1734 2300 1823 2376 Solis
1834 2311 1864 2372 et

488 2420 626 2491 Mensis
654 2419 713 2491 vel
741 2419 858 2490 Luni:
887 2419 941 2490 illi
970 2431 1079 2516 caput
1109 2417 1298 2504 radiatum,
1326 2418 1506 2492 cervicem
1533 2419 1681 2492 alterius
1709 2419 1861 2493 distinxit

497 2564 662 2612 crescens
678 2540 772 2611 luna.
826 2540 1075 2634 Utrorumque
1093 2537 1284 2610 simulacra
1301 2537 1473 2633 expressi.

564 2657 690 2732 Edidit
708 2658 904 2733 Bbckhiuse
923 2683 971 2730 ex
987 2658 1081 2730 libro
1100 2653 1340 2754 Keppeliano‘
1357 2657 1395 2729 in
1412 2657 1542 2730 litteris
1559 2659 1709 2732 minoris
1726 2657 1860 2740 moduli,

489 2778 695 2876 apographo
717 2803 842 2874 parum
866 2777 998 2851 affabre
1021 2776 1125 2863 sacto
1150 2801 1267 2872 neque
1285 2775 1450 2849 ordinem
1462 2777 1600 2872 justum
1619 2803 1788 2854 versuum
1805 2803 1861 2852 ser·

489 2913 604 2970 vante.
667 2897 796 2968 Habeo
823 2908 860 2968 et
889 2896 1155 2970 Stenartianum
1186 2897 1242 2992 (in
1270 2921 1325 2969 an.
1351 2899 1456 2972 1836.
1487 2899 1726 2999 descriptum)
1745 2903 1863 2976 mihia

490 3017 668 3089 Borrellio
686 3017 844 3102 missum,
859 3016 957 3112 quod
975 3043 1056 3090 meo
1074 3017 1216 3114 penitus
1229 3016 1305 3089 fere
1322 3019 1497 3116 congruit.
1549 3022 1632 3094 Hoc
1649 3023 1687 3094 in
1706 3049 1739 3095 ν.
1754 3027 1785 3096 2.
1798 3022 1862 3095 init

488 3143 602 3223 ΤΗΝ,
630 3137 667 3209 in
695 3139 728 3208 4.
750 3137 828 3210 init.
846 3142 1041 3223 ΤΙΑΜΟΥ,
1071 3139 1108 3210 in
1137 3139 1168 3211 8.
1187 3137 1281 3211 med.
1309 3144 1535 3227 ΔΥΝΑΜΙΣ,
1561 3140 1681 3215 refert.
1732 3145 1774 3217 In
1789 3168 1818 3214 v.
1837 3145 1863 3212 5.

492 3263 661 3361 (Keppel.
684 3263 740 3359 3.)
763 3261 974 3360 procedunt,
993 3261 1188 3359 τηρεῖσθαι
1207 3255 1339 3336 αὐτῶν·
1359 3253 1513 3358 ἀπειθὴς
1532 3293 1566 3338 κ.
1580 3295 1616 3340 τ.
1630 3271 1683 3357 λ.,
1699 3268 1864 3342 cruciante

490 3385 608 3456 virum
637 3382 784 3456 doctum
814 3383 1102 3472 constructione;
1129 3383 1181 3455 nil
1208 3383 1350 3472 mirum,
1368 3409 1482 3480 quum
1499 3386 1700 3485 Keppelius
1721 3387 1867 3462 omiserit

404 3573 408 3593 ,
490 3535 521 3582 v.
538 3511 569 3582 6.
587 3533 806 3606 pravamque
823 3508 1014 3581 lectionem
1032 3498 1185 3600 ἀπειθής
1201 3508 1371 3582 intulerit.

529 3708 695 3785 eEpitheta
714 3709 797 3767 «Iovia
823 3709 951 3786 profecta
972 3729 1010 3766 ex
1036 3709 1157 3786 antiquo
1207 3709 1244 3768 ad
1277 3729 1390 3769 nusum
1421 3713 1519 3782 refert,
1547 3717 1722 3775 coutrderun
1747 3717 1864 3792 designa·

491 3807 642 3885 Lydorum
657 3826 794 3864 sermone.
835 3805 912 3864 Vide
925 3816 985 3864 not.
995 3808 1059 3865 crit
1208 3809 1325 3881 tionem,
1340 3811 1352 3874 ιί
1368 3809 1464 3878 εἴσοδος
1483 3814 1534 3892 ispi
1548 3817 1594 3872 τάν
1606 3819 1712 3891 penei·
1722 3819 1751 3875 in
1765 3813 1863 3874 Bbckh.

530 3903 543 3938 ἃ
557 3902 723 3978 Explicatio
736 3901 813 3958 vocis
827 3897 917 3976 διῦμις
928 3903 1006 3979 quod
1019 3903 1101 3960 dedit
1110 3905 1157 3962 vir
1207 3909 1375 3988 smyrnens.
1397 3931 1425 3969 n.
1436 3915 1521 3977 3194.

491 4003 617 4060 eximius
643 4002 777 4071 Leakius,
806 4020 916 4078 nempe,
943 4004 1080 4080 usurpari
1106 4023 1159 4080 pro
1248 4007 1341 4066 ‘vot
1352 4027 1382 4067 11.
1397 4029 1424 4086 p.
1437 4014 1503 4070 808.
1518 4031 1545 4068 n.
1555 4015 1640 4078 3439.

491 4100 574 4178 δόμος,
589 4123 646 4160 non
667 4103 704 4160 ab
718 4101 796 4160 omni
814 4111 897 4178 parte
915 4101 1032 4192 arridet.
1074 4103 1159 4172 Quod
1249 4105 1260 4144 s
1276 4107 1346 4164 Itin.
1361 4117 1429 4166 tom.
1439 4125 1471 4168 11.
1486 4113 1589 4188 pasl.
1604 4133 1631 4169 n
1641 4111 1668 4172 6.
