4004 5264
438 567 479 629 64
837 557 1191 627 INSORIPTIONES
1213 557 1404 625 GRAEOAE.
1431 557 1827 645 [rusca.nxxx1v.‚axxxv.

440 756 618 858 άσθησαν
650 749 721 834 ὑπὸ
745 754 924 857 Τιβερίου
942 752 1104 833 Ἰουλίου
1132 760 1198 834 τοῦ
1230 755 1348 835 δεῖνος
1388 793 1826 811 ··········

437 887 658 967 Ἰουλιανοῦ·
681 891 731 970 εἰς
749 881 797 984 ἣν
817 880 936 988 σορὸν
955 881 1250 985 κηδενθήσονται
1268 878 1379 968 αὐτός
1393 917 1433 963 τε
1449 885 1509 962 καὶ
1523 880 1570 963 τὰ
1588 881 1700 962 τέκνα
1718 882 1829 962 αὑτοῦ

439 1014 661 1122 Τιβεριανὸς
686 1019 747 1097 καὶ
766 1015 921 1097 Οὐλτία
946 1019 1006 1097 καὶ
1035 1061 1288 1075 ······
1292 1023 1293 1027 ’
1319 1059 1664 1074 ········
1693 1013 1717 1113 ἡ
1736 1011 1829 1118 γυνὴ

440 1153 567 1232 αὐτοῦ·
588 1151 712 1254 ἕτεροι
732 1145 772 1228 δὲ
792 1149 911 1233 οὐδεὶς
931 1146 1110 1254 ἐξουσίαν
1130 1146 1206 1256 ἕξει
1232 1149 1317 1228 οὔτε
1342 1151 1586 1249 μετακινῆσαι
1611 1142 1727 1247 αὐτὴν
1747 1149 1831 1227 οὔτε

440 1286 601 1395 ἐνθάψαι
620 1284 703 1368 τινὰ
728 1291 778 1369 εἰς
803 1281 929 1386 αὐτήν·
952 1281 1016 1364 ἐὰν
1036 1282 1080 1362 δέ
1095 1318 1150 1368 τις
1170 1279 1390 1387 ἐπιχειρήσῃ
1409 1276 1432 1382 ἢ
1452 1283 1697 1380 μετακινῆσαι
1716 1275 1830 1380 αὐτὴν

440 1419 464 1522 ἢ
486 1417 645 1527 ἓνθάψαι
665 1415 748 1499 τινὰ
767 1418 807 1496 ἐν
827 1417 919 1521 αὐτῇ
939 1416 1051 1521 χωρὶς
1071 1419 1144 1494 τῶν
1163 1411 1550 1515 ε’γκηδενθησαμένων,
1570 1409 1668 1490 ἔστω
1687 1407 1829 1511 ἀσεβὴς

441 1555 501 1632 καὶ
531 1547 715 1654 ἐπάρατος
744 1550 804 1627 καὶ
835 1545 964 1649 ἔνοχος
994 1549 1067 1625 τῶν
1099 1538 1221 1643 νόμων
1239 1548 1313 1622 τῶν
1333 1541 1624 1645 διατεταγμένων
1642 1537 1738 1645 πρὸς
1764 1538 1830 1642 τὴν

721 1679 997 1784 τυμβωρυχίαν,
1018 1679 1079 1758 καὶ
1097 1674 1420 1782 προσαποτισάτω
1441 1711 1474 1756 κ.
1489 1711 1523 1757 τ.
1537 1687 1575 1756 λ.

516 1874 662 1947 Titulus
692 1871 911 1969 sepulcralis,
940 1869 1071 1943 dextra
1091 1881 1192 1966 parte
1209 1870 1368 1944 mutilus.
1419 1871 1498 1944 Ara
1516 1870 1828 1969 (monumentum)

440 2007 668 2082 memoratur,
687 2017 770 2067 cum
793 1992 913 2066 loculo
930 1991 1109 2087 imposito,
1127 2016 1235 2089 quam
1249 2005 1432 2067 struxerat
1442 1995 1610 2070 Julianus
1627 1995 1777 2092 quidam
1794 1998 1830 2069 in

441 2141 547 2189 usum
564 2115 678 2212 ipsius
693 2115 981 2213 (liberorumque
992 2113 1028 2210 1)
1043 2114 1229 2188 Tiberiani
1247 2128 1284 2189 et
1295 2117 1424 2214 Ulpiae,
1435 2115 1586 2191 fortasse
1604 2130 1641 2191 et
1657 2120 1830 2218 conjugis.

440 2237 537 2311 Dein
554 2235 815 2334 prohibebatur
839 2233 972 2330 injuria
995 2233 1194 2308 seeundum
1221 2234 1415 2310 formulam
1442 2237 1636 2325 solennem,
1660 2237 1726 2312 sed
1754 2239 1831 2312 haee

440 2382 523 2455 pars
540 2358 697 2432 abscissa
714 2369 777 2430 est.

516 2477 691 2575 Expressi
708 2475 846 2573 species
866 2475 1068 2550 litterarum
1085 2501 1134 2550 ex
1151 2479 1306 2552 maceria
1330 2479 1412 2552 atrii
1439 2479 1598 2576 pecuarii
1619 2481 1729 2577 juxta
1751 2479 1832 2554 aedi·

439 2600 560 2674 culam
596 2601 728 2672 Turoae
768 2597 967 2694 eujusdam,
998 2598 1037 2671 in
1077 2600 1181 2696 eujus
1228 2598 1393 2673 ordinem
1433 2598 1642 2674 inferiorem
1676 2623 1833 2674 marmor

438 2719 558 2793 fuerat
584 2743 605 2792 a
633 2718 795 2792 barbaris
822 2717 972 2794 illatum.
1024 2719 1130 2790 AEtas
1146 2717 1285 2791 incerta
1301 2731 1367 2813 est,
1384 2718 1455 2792 nisi
1471 2717 1564 2792 forte
1588 2720 1834 2816 conjecturam

441 2838 486 2912 de
504 2837 711 2912 nominibus
729 2837 841 2934 Ulpia
858 2850 895 2912 et
911 2837 1060 2913 tuliano
1078 2836 1223 2934 ceperis

514 2958 628 3033 Dedit
654 2983 703 3032 ex
732 2957 938 3056 apographo
967 2957 1115 3056 proprio
1145 2956 1384 3046 Fellowsiud,
1402 2957 1500 3032 unde
1513 2959 1550 3032 in
1565 2957 1742 3032 addendis
1759 2959 1833 3033 suis

442 3079 650 3158 B'ockhius‘.
704 3081 845 3157 Ultima
869 3105 902 3155 v.
929 3083 961 3154 1.
993 3081 1030 3154 in
1050 3080 1250 3178 exemplari
1273 3081 1413 3154 desunt.
1477 3082 1522 3154 In
1538 3105 1572 3152 v.
1594 3082 1626 3153 3.
1653 3079 1717 3153 ult
1740 3103 1834 3152 eom·

441 3213 544 3300 paret
571 3206 790 3276 ΕΙΣΙΝΣΟΙ.
847 3202 892 3274 In
919 3203 952 3274 4.
975 3225 1028 3299 pr.
1050 3206 1240 3275 ΒΙΑΝΟΣ.
1296 3201 1393 3276 Dein
1413 3205 1608 3276 ΟΥΑΠΙΑ.
1665 3200 1709 3272 In
1731 3200 1762 3272 6.
1781 3224 1833 3298 pr.

443 3330 601 3398 ΑΥΤΙΝ.

972 3489 1177 3566 LXXXV.
1204 3522 1233 3562 σ.

859 3683 1314 3759 οπΛΛτΑαειτιΝιι
1343 3687 1348 3694 ·

859 3780 1384 3872 ποντογΑΛαΑοτοΥκ

859 3911 1431 3985 ΑΤΙΛΟΙΎΝΛΙΚΟΕΛΥΤΟΥ

859 4025 1396 4103 Λιιιειιεοειεσογογκ

778 4125 799 4196 5
859 4137 1225 4212 ειιοιιειιγτσιιο
1238 4117 1312 4212 0ss

489 4372 500 4404 '¹
515 4371 704 4439 Disooverres‚
721 4378 774 4428 eto
789 4387 816 4446 p.
827 4371 893 4434 357.
909 4390 937 4428 n.
952 4373 1000 4436 59.
1209 4373 1221 4404 ⁶
1241 4367 1309 4426 Vol.
1325 4385 1355 4425 11.
1369 4385 1396 4444 p.
1409 4363 1493 4426 1116.
1507 4367 1631 4426 uasta.
1645 4364 1670 4422 b.
