<?xml version="1.0" encoding="UTF-8"?>
<!DOCTYPE html PUBLIC "-//W3C//DTD XHTML 1.0 Transitional//EN"
    "http://www.w3.org/TR/xhtml1/DTD/xhtml1-transitional.dtd">
<html xmlns="http://www.w3.org/1999/xhtml" xml:lang="en" lang="en">
 <head>
  <title>
</title>
<meta http-equiv="Content-Type" content="text/html;charset=utf-8" />
  <meta name='ocr-system' content='tesseract 3.04.00' />
  <meta name='ocr-capabilities' content='ocr_page ocr_carea ocr_par ocr_line ocrx_word'/>
</head>
<body>
  <div class='ocr_page' id='page_1' title='image "./fasciculusinscr01kenngoog_0237.png"; bbox 0 0 3972 5240; ppageno 0'>
   <div class='ocr_carea' id='block_1_1' title="bbox 482 573 1851 659">
    <p class='ocr_par' dir='ltr' id='par_1_1' title="bbox 482 573 1851 659">
     <span class='ocr_line' id='line_1_1' title="bbox 482 573 1851 659; baseline -0.003 -19"><span class='ocrx_word' id='word_1_1' title='bbox 482 575 544 640; x_wconf 76' lang='lat'>226</span> <span class='ocrx_word' id='word_1_2' title='bbox 872 573 1225 642; x_wconf 84' lang='lat' dir='ltr'>INSGRIPTIONES</span> <span class='ocrx_word' id='word_1_3' title='bbox 1247 574 1439 642; x_wconf 84' lang='lat' dir='ltr'><strong>GRAEOAE.</strong></span> <span class='ocrx_word' id='word_1_4' title='bbox 1467 577 1851 659; x_wconf 82' lang='lat' dir='ltr'>[rrson.coxxx.,ccxxu1.</span> 
     </span>
    </p>
   </div>
   <div class='ocr_carea' id='block_1_2' title="bbox 483 761 1854 2039">
    <p class='ocr_par' dir='ltr' id='par_1_2' title="bbox 483 761 1854 1678">
     <span class='ocr_line' id='line_1_2' title="bbox 557 761 1852 862; baseline -0.001 -27"><span class='ocrx_word' id='word_1_5' title='bbox 557 763 720 836; x_wconf 82' lang='lat' dir='ltr'>Pretium</span> <span class='ocrx_word' id='word_1_6' title='bbox 737 761 937 838; x_wconf 87' lang='lat' dir='ltr'>maximum</span> <span class='ocrx_word' id='word_1_7' title='bbox 953 763 1064 860; x_wconf 88' lang='lat' dir='ltr'>hujus</span> <span class='ocrx_word' id='word_1_8' title='bbox 1080 763 1323 862; x_wconf 73' lang='lat' dir='ltr'>inscriptionis</span> <span class='ocrx_word' id='word_1_9' title='bbox 1340 762 1512 860; x_wconf 89' lang='lat' dir='ltr'>estquod</span> <span class='ocrx_word' id='word_1_10' title='bbox 1528 764 1566 838; x_wconf 91' lang='lat' dir='ltr'>in</span> <span class='ocrx_word' id='word_1_11' title='bbox 1579 764 1756 860; x_wconf 82' lang='lat' dir='ltr'>principio</span> <span class='ocrx_word' id='word_1_12' title='bbox 1770 787 1852 836; x_wconf 90' lang='lat' dir='ltr'>men·</span> 
     </span>
     <span class='ocr_line' id='line_1_3' title="bbox 483 882 1853 982; baseline -0.001 -24"><span class='ocrx_word' id='word_1_13' title='bbox 483 885 619 958; x_wconf 89' lang='lat' dir='ltr'>tionem</span> <span class='ocrx_word' id='word_1_14' title='bbox 645 882 756 957; x_wconf 86' lang='lat' dir='ltr'>fuisse</span> <span class='ocrx_word' id='word_1_15' title='bbox 780 882 911 958; x_wconf 87' lang='lat' dir='ltr'>factum</span> <span class='ocrx_word' id='word_1_16' title='bbox 929 883 1007 958; x_wconf 79' lang='lat' dir='ltr'>deae</span> <span class='ocrx_word' id='word_1_17' title='bbox 1029 885 1261 982; x_wconf 82' lang='lat' dir='ltr'>Pergaeorum</span> <span class='ocrx_word' id='word_1_18' title='bbox 1278 883 1400 958; x_wconf 90' lang='lat' dir='ltr'>nullus</span> <span class='ocrx_word' id='word_1_19' title='bbox 1416 883 1555 958; x_wconf 89' lang='lat' dir='ltr'>dubito.</span> <span class='ocrx_word' id='word_1_20' title='bbox 1606 883 1705 959; x_wconf 91' lang='lat' dir='ltr'>Illud</span> <span class='ocrx_word' id='word_1_21' title='bbox 1724 883 1853 958; x_wconf 75' lang='lat' dir='ltr'>toton</span> 
     </span>
     <span class='ocr_line' id='line_1_4' title="bbox 484 1001 1852 1104; baseline 0 -28"><span class='ocrx_word' id='word_1_22' title='bbox 484 1030 517 1076; x_wconf 91' lang='lat' dir='ltr'>v.</span> <span class='ocrx_word' id='word_1_23' title='bbox 531 1007 563 1078; x_wconf 87' lang='grc'>3.</span> <span class='ocrx_word' id='word_1_24' title='bbox 580 1004 655 1078; x_wconf 88' lang='lat' dir='ltr'>init</span> <span class='ocrx_word' id='word_1_25' title='bbox 674 1003 784 1077; x_wconf 90' lang='lat' dir='ltr'>oredo</span> <span class='ocrx_word' id='word_1_26' title='bbox 801 1001 913 1078; x_wconf 81' lang='lat' dir='ltr'>fuisse</span> <span class='ocrx_word' id='word_1_27' title='bbox 929 1003 990 1078; x_wconf 89' lang='lat' dir='ltr'>rel</span> <span class='ocrx_word' id='word_1_28' title='bbox 1008 1009 1090 1090; x_wconf 85' lang='grc' dir='ltr'>ΚΑΙ,</span> <span class='ocrx_word' id='word_1_29' title='bbox 1103 1004 1162 1078; x_wconf 87' lang='lat' dir='ltr'>vel</span> <span class='ocrx_word' id='word_1_30' title='bbox 1180 1005 1353 1104; x_wconf 80' lang='lat' dir='ltr'>syllabam</span> <span class='ocrx_word' id='word_1_31' title='bbox 1370 1003 1535 1078; x_wconf 76' lang='lat' dir='ltr'>ultimam</span> <span class='ocrx_word' id='word_1_32' title='bbox 1551 1004 1703 1102; x_wconf 79' lang='lat' dir='ltr'>alicujus</span> <span class='ocrx_word' id='word_1_33' title='bbox 1719 1004 1852 1102; x_wconf 83' lang='lat' dir='ltr'>epitheti</span> 
     </span>
     <span class='ocr_line' id='line_1_5' title="bbox 487 1125 1852 1223; baseline -0.001 -25"><span class='ocrx_word' id='word_1_34' title='bbox 487 1125 572 1198; x_wconf 83' lang='lat' dir='ltr'>deae.</span> <span class='ocrx_word' id='word_1_35' title='bbox 624 1125 713 1198; x_wconf 87' lang='lat' dir='ltr'>Post</span> <span class='ocrx_word' id='word_1_36' title='bbox 729 1129 897 1198; x_wconf 86' lang='grc' dir='ltr'>ΑΘΗΝΑ</span> <span class='ocrx_word' id='word_1_37' title='bbox 915 1125 1069 1197; x_wconf 86' lang='lat' dir='ltr'>obseura</span> <span class='ocrx_word' id='word_1_38' title='bbox 1085 1135 1188 1198; x_wconf 87' lang='lat' dir='ltr'>erant</span> <span class='ocrx_word' id='word_1_39' title='bbox 1204 1125 1325 1198; x_wconf 91' lang='lat' dir='ltr'>omnia</span> <span class='ocrx_word' id='word_1_40' title='bbox 1340 1137 1472 1222; x_wconf 74' lang='lat' dir='ltr'>praeter</span> <span class='ocrx_word' id='word_1_41' title='bbox 1488 1131 1770 1212; x_wconf 84' lang='grc' dir='ltr'>ΑΡΤΕΜΕΙΣΙΑ,</span> <span class='ocrx_word' id='word_1_42' title='bbox 1779 1149 1852 1223; x_wconf 71' lang='lat' dir='ltr'>pre</span> 
     </span>
     <span class='ocr_line' id='line_1_6' title="bbox 489 1243 1854 1332; baseline -0.002 -14"><span class='ocrx_word' id='word_1_43' title='bbox 489 1245 612 1319; x_wconf 86' lang='lat' dir='ltr'>sertim</span> <span class='ocrx_word' id='word_1_44' title='bbox 631 1249 851 1318; x_wconf 81' lang='grc' dir='ltr'>ΚΑΑΛΕΙΧΚ</span> <span class='ocrx_word' id='word_1_45' title='bbox 873 1243 913 1316; x_wconf 93' lang='lat' dir='ltr'>in</span> <span class='ocrx_word' id='word_1_46' title='bbox 931 1268 989 1316; x_wconf 88' lang='lat' dir='ltr'>vv.</span> <span class='ocrx_word' id='word_1_47' title='bbox 1009 1245 1042 1315; x_wconf 89' lang='lat'>4.</span> <span class='ocrx_word' id='word_1_48' title='bbox 1058 1246 1089 1317; x_wconf 87' lang='lat'>5.</span> <span class='ocrx_word' id='word_1_49' title='bbox 1140 1243 1294 1332; x_wconf 86' lang='lat' dir='ltr'>Deinde,</span> <span class='ocrx_word' id='word_1_50' title='bbox 1319 1245 1359 1317; x_wconf 93' lang='lat' dir='ltr'>in</span> <span class='ocrx_word' id='word_1_51' title='bbox 1376 1269 1409 1316; x_wconf 92' lang='lat' dir='ltr'>v.</span> <span class='ocrx_word' id='word_1_52' title='bbox 1423 1247 1455 1318; x_wconf 87' lang='lat'>5.</span> <span class='ocrx_word' id='word_1_53' title='bbox 1478 1243 1538 1318; x_wconf 92' lang='lat' dir='ltr'>fin.</span> <span class='ocrx_word' id='word_1_54' title='bbox 1555 1257 1593 1318; x_wconf 87' lang='lat' dir='ltr'>et</span> <span class='ocrx_word' id='word_1_55' title='bbox 1609 1245 1744 1320; x_wconf 89' lang='lat' dir='ltr'>Pellius</span> <span class='ocrx_word' id='word_1_56' title='bbox 1760 1243 1854 1318; x_wconf 91' lang='lat' dir='ltr'>habet</span> 
     </span>
     <span class='ocr_line' id='line_1_7' title="bbox 485 1362 1852 1464; baseline -0.003 -26"><span class='ocrx_word' id='word_1_57' title='bbox 485 1371 716 1452; x_wconf 72' lang='grc' dir='ltr'>ΑΡΧΙΕΥΕΩ,</span> <span class='ocrx_word' id='word_1_58' title='bbox 734 1363 838 1460; x_wconf 89' lang='lat' dir='ltr'>quasi</span> <span class='ocrx_word' id='word_1_59' title='bbox 853 1362 963 1436; x_wconf 85' lang='lat' dir='ltr'>lectio</span> <span class='ocrx_word' id='word_1_60' title='bbox 975 1364 1133 1462; x_wconf 85' lang='lat' dir='ltr'>genuina</span> <span class='ocrx_word' id='word_1_61' title='bbox 1152 1363 1262 1438; x_wconf 86' lang='lat' dir='ltr'>fuerit</span> <span class='ocrx_word' id='word_1_62' title='bbox 1282 1369 1576 1451; x_wconf 83' lang='grc' dir='ltr'>ΑΡΧΙΕΡΕΥΩΝ,</span> <span class='ocrx_word' id='word_1_63' title='bbox 1593 1391 1722 1464; x_wconf 89' lang='lat' dir='ltr'>nempe</span> <span class='ocrx_word' id='word_1_64' title='bbox 1739 1367 1852 1440; x_wconf 83' lang='lat' dir='ltr'>Varus.</span> 
     </span>
     <span class='ocr_line' id='line_1_8' title="bbox 487 1481 1853 1580; baseline -0.003 -22"><span class='ocrx_word' id='word_1_65' title='bbox 487 1487 532 1558; x_wconf 87' lang='lat' dir='ltr'>ln</span> <span class='ocrx_word' id='word_1_66' title='bbox 549 1509 581 1557; x_wconf 94' lang='lat' dir='ltr'>v.</span> <span class='ocrx_word' id='word_1_67' title='bbox 601 1485 632 1556; x_wconf 90' lang='lat'>8.</span> <span class='ocrx_word' id='word_1_68' title='bbox 657 1495 820 1558; x_wconf 84' lang='lat' dir='ltr'>extrema</span> <span class='ocrx_word' id='word_1_69' title='bbox 839 1482 987 1556; x_wconf 90' lang='lat' dir='ltr'>omnino</span> <span class='ocrx_word' id='word_1_70' title='bbox 1016 1481 1143 1556; x_wconf 88' lang='lat' dir='ltr'>deleta</span> <span class='ocrx_word' id='word_1_71' title='bbox 1200 1483 1291 1576; x_wconf 83' lang='lat' dir='ltr'>Quae</span> <span class='ocrx_word' id='word_1_72' title='bbox 1312 1481 1398 1556; x_wconf 91' lang='lat' dir='ltr'>dedi</span> <span class='ocrx_word' id='word_1_73' title='bbox 1428 1495 1521 1558; x_wconf 86' lang='lat' dir='ltr'>stare</span> <span class='ocrx_word' id='word_1_74' title='bbox 1547 1499 1698 1580; x_wconf 90' lang='lat' dir='ltr'>possunt</span> <span class='ocrx_word' id='word_1_75' title='bbox 1723 1487 1759 1558; x_wconf 90' lang='lat' dir='ltr'>in</span> <span class='ocrx_word' id='word_1_76' title='bbox 1785 1485 1853 1556; x_wconf 87' lang='lat' dir='ltr'>loco</span> 
     </span>
     <span class='ocr_line' id='line_1_9' title="bbox 486 1603 1084 1678; baseline -0.01 0"><span class='ocrx_word' id='word_1_77' title='bbox 486 1603 702 1678; x_wconf 80' lang='lat' dir='ltr'>tentaminis.</span> <span class='ocrx_word' id='word_1_78' title='bbox 1082 1669 1084 1672; x_wconf 83' lang='lat'><strong>.</strong></span> 
     </span>
    </p>

    <p class='ocr_par' dir='ltr' id='par_1_3' title="bbox 487 1719 1853 2039">
     <span class='ocr_line' id='line_1_10' title="bbox 562 1719 1852 1820; baseline -0.005 -22"><span class='ocrx_word' id='word_1_79' title='bbox 562 1725 695 1798; x_wconf 90' lang='lat' dir='ltr'>Nullus</span> <span class='ocrx_word' id='word_1_80' title='bbox 719 1747 770 1797; x_wconf 86' lang='lat' dir='ltr'>ex</span> <span class='ocrx_word' id='word_1_81' title='bbox 791 1723 925 1798; x_wconf 84' lang='lat' dir='ltr'>collato</span> <span class='ocrx_word' id='word_1_82' title='bbox 945 1721 1153 1820; x_wconf 85' lang='lat' dir='ltr'>apographo</span> <span class='ocrx_word' id='word_1_83' title='bbox 1175 1719 1473 1797; x_wconf 79' lang='lat' dir='ltr'>Sohbnborniano</span> <span class='ocrx_word' id='word_1_84' title='bbox 1500 1722 1699 1820; x_wconf 87' lang='lat' dir='ltr'>percipitur</span> <span class='ocrx_word' id='word_1_85' title='bbox 1723 1723 1852 1796; x_wconf 79' lang='lat' dir='ltr'>frustm</span> 
     </span>
     <span class='ocr_line' id='line_1_11' title="bbox 488 1841 1853 1939; baseline -0.007 -20"><span class='ocrx_word' id='word_1_86' title='bbox 488 1848 645 1920; x_wconf 81' lang='lat' dir='ltr'>Tantum</span> <span class='ocrx_word' id='word_1_87' title='bbox 658 1844 730 1919; x_wconf 83' lang='lat' dir='ltr'>hoo</span> <span class='ocrx_word' id='word_1_88' title='bbox 742 1868 873 1920; x_wconf 87' lang='lat' dir='ltr'>moneo</span> <span class='ocrx_word' id='word_1_89' title='bbox 887 1841 1135 1918; x_wconf 85' lang='lat' dir='ltr'>doctissimum</span> <span class='ocrx_word' id='word_1_90' title='bbox 1156 1841 1361 1918; x_wconf 76' lang='lat' dir='ltr'>Bbokhium</span> <span class='ocrx_word' id='word_1_91' title='bbox 1374 1868 1460 1916; x_wconf 91' lang='lat' dir='ltr'>vera</span> <span class='ocrx_word' id='word_1_92' title='bbox 1476 1845 1702 1939; x_wconf 86' lang='lat' dir='ltr'>perspexisse</span> <span class='ocrx_word' id='word_1_93' title='bbox 1724 1845 1760 1916; x_wconf 92' lang='lat' dir='ltr'>in</span> <span class='ocrx_word' id='word_1_94' title='bbox 1781 1867 1807 1913; x_wconf 88' lang='lat' dir='ltr'>v.</span> <span class='ocrx_word' id='word_1_95' title='bbox 1827 1841 1853 1910; x_wconf 88' lang='lat'>8.</span> 
     </span>
     <span class='ocr_line' id='line_1_12' title="bbox 487 1967 733 2039; baseline -0.004 0"><span class='ocrx_word' id='word_1_96' title='bbox 487 1977 577 2039; x_wconf 87' lang='lat' dir='ltr'>extr.</span> <span class='ocrx_word' id='word_1_97' title='bbox 591 1978 629 2039; x_wconf 89' lang='lat' dir='ltr'>et</span> <span class='ocrx_word' id='word_1_98' title='bbox 644 1967 681 2038; x_wconf 92' lang='lat' dir='ltr'>in</span> <span class='ocrx_word' id='word_1_99' title='bbox 701 1967 733 2039; x_wconf 89' lang='grc'>9.</span> 
     </span>
    </p>
   </div>
   <div class='ocr_carea' id='block_1_3' title="bbox 1013 2223 1350 2300">
    <p class='ocr_par' dir='ltr' id='par_1_4' title="bbox 1013 2223 1350 2300">
     <span class='ocr_line' id='line_1_13' title="bbox 1013 2223 1350 2300; baseline -0.012 0"><span class='ocrx_word' id='word_1_100' title='bbox 1013 2223 1233 2300; x_wconf 87' lang='lat' dir='ltr'><strong>CCXXXI.</strong></span> <span class='ocrx_word' id='word_1_101' title='bbox 1260 2249 1350 2298; x_wconf 87' lang='lat' dir='ltr'>c-m.</span> 
     </span>
    </p>
   </div>
   <div class='ocr_carea' id='block_1_4' title="bbox 535 2427 1696 2962">
    <p class='ocr_par' dir='ltr' id='par_1_5' title="bbox 536 2427 1696 2657">
     <span class='ocr_line' id='line_1_14' title="bbox 536 2427 1696 2535; baseline -0.002 -33"><span class='ocrx_word' id='word_1_102' title='bbox 536 2455 565 2502; x_wconf 87' lang='lat' dir='ltr'>c.</span> <span class='ocrx_word' id='word_1_103' title='bbox 612 2434 1095 2535; x_wconf 82' lang='grc' dir='ltr'><strong>ΟΔΗΜΟΣΟΠΕΡΓΑΙΩΝ</strong></span> <span class='ocrx_word' id='word_1_104' title='bbox 1257 2427 1291 2500; x_wconf 90' lang='lat' dir='ltr'>h.</span> <span class='ocrx_word' id='word_1_105' title='bbox 1335 2431 1696 2502; x_wconf 82' lang='grc' dir='ltr'>ΠΛΑΝΚΙΟΥΟΥΑΡ</span> 
     </span>
     <span class='ocr_line' id='line_1_15' title="bbox 537 2579 1471 2657; baseline -0.006 -2"><span class='ocrx_word' id='word_1_106' title='bbox 537 2582 570 2655; x_wconf 94' lang='lat' dir='ltr'>d.</span> <span class='ocrx_word' id='word_1_107' title='bbox 612 2587 1047 2657; x_wconf 85' lang='grc' dir='ltr'>ΡΧΕΙΑΝΕΥΕΡΓΕΣΙΑΝ</span> <span class='ocrx_word' id='word_1_108' title='bbox 1257 2579 1278 2650; x_wconf 93' lang='lat' dir='ltr'>i.</span> <span class='ocrx_word' id='word_1_109' title='bbox 1330 2583 1471 2653; x_wconf 82' lang='grc' dir='ltr'>ΟΥΚΑΙ</span> 
     </span>
    </p>

    <p class='ocr_par' dir='ltr' id='par_1_6' title="bbox 535 2729 1522 2810">
     <span class='ocr_line' id='line_1_16' title="bbox 535 2729 1522 2810; baseline -0.007 0"><span class='ocrx_word' id='word_1_110' title='bbox 535 2761 564 2809; x_wconf 89' lang='lat' dir='ltr'>e.</span> <span class='ocrx_word' id='word_1_111' title='bbox 615 2741 853 2810; x_wconf 76' lang='grc' dir='ltr'>ΚΟΚΚΗΙΑΤ</span> <span class='ocrx_word' id='word_1_112' title='bbox 1256 2729 1291 2803; x_wconf 84' lang='lat' dir='ltr'>k.</span> <span class='ocrx_word' id='word_1_113' title='bbox 1330 2735 1522 2804; x_wconf 89' lang='grc' dir='ltr'>ΔΗΜΙΟΥ</span> 
     </span>
    </p>

    <p class='ocr_par' dir='ltr' id='par_1_7' title="bbox 537 2883 1603 2962">
     <span class='ocr_line' id='line_1_17' title="bbox 537 2883 1603 2962; baseline -0.004 -2"><span class='ocrx_word' id='word_1_114' title='bbox 537 2887 559 2960; x_wconf 87' lang='lat' dir='ltr'>f.</span> <span class='ocrx_word' id='word_1_115' title='bbox 611 2891 824 2962; x_wconf 81' lang='grc' dir='ltr'>ΑΝΚΙΑΜΑ</span> <span class='ocrx_word' id='word_1_116' title='bbox 1256 2883 1278 2955; x_wconf 93' lang='lat' dir='ltr'>l.</span> <span class='ocrx_word' id='word_1_117' title='bbox 1330 2887 1603 2957; x_wconf 76' lang='grc' dir='ltr'>ὈΣΚΑΙΓΥΜ</span> 
     </span>
    </p>
   </div>
   <div class='ocr_carea' id='block_1_5' title="bbox 537 3013 1477 3142">
    <p class='ocr_par' dir='ltr' id='par_1_8' title="bbox 537 3013 1477 3142">
     <span class='ocr_line' id='line_1_18' title="bbox 537 3013 1477 3142; baseline -0.004 -25"><span class='ocrx_word' id='word_1_118' title='bbox 537 3069 569 3142; x_wconf 81' lang='lat' dir='ltr'>g.</span> <span class='ocrx_word' id='word_1_119' title='bbox 615 3048 1032 3118; x_wconf 73' lang='lat' dir='ltr'>noneozerrsrtrr</span> <span class='ocrx_word' id='word_1_120' title='bbox 1256 3067 1301 3114; x_wconf 84' lang='lat' dir='ltr'>m.</span> <span class='ocrx_word' id='word_1_121' title='bbox 1331 3013 1477 3116; x_wconf 68' lang='lat' dir='ltr'>ovila&gt;</span> 
     </span>
    </p>
   </div>
   <div class='ocr_carea' id='block_1_6' title="bbox 487 3247 1856 3624">
    <p class='ocr_par' dir='ltr' id='par_1_9' title="bbox 487 3247 1856 3624">
     <span class='ocr_line' id='line_1_19' title="bbox 487 3247 1856 3356; baseline -0.004 -24"><span class='ocrx_word' id='word_1_122' title='bbox 487 3253 537 3332; x_wconf 85' lang='lat'>‘0</span> <span class='ocrx_word' id='word_1_123' title='bbox 568 3257 699 3353; x_wconf 78' lang='grc' dir='ltr'>Δῆμος</span> <span class='ocrx_word' id='word_1_124' title='bbox 727 3253 748 3331; x_wconf 85' lang='grc' dir='ltr'><strong>ὁ</strong></span> <span class='ocrx_word' id='word_1_125' title='bbox 778 3251 976 3356; x_wconf 82' lang='grc' dir='ltr'>Περγαίων</span> <span class='ocrx_word' id='word_1_126' title='bbox 1005 3297 1019 3311; x_wconf 94' lang='grc'><strong>-</strong></span> <span class='ocrx_word' id='word_1_127' title='bbox 1043 3299 1057 3312; x_wconf 94' lang='grc'><strong>-</strong></span> <span class='ocrx_word' id='word_1_128' title='bbox 1080 3297 1096 3310; x_wconf 93' lang='grc'>-</span> <span class='ocrx_word' id='word_1_129' title='bbox 1118 3298 1132 3312; x_wconf 91' lang='grc'><strong>-</strong></span> <span class='ocrx_word' id='word_1_130' title='bbox 1164 3252 1317 3356; x_wconf 83' lang='grc' dir='ltr'>ἀρχείαυ</span> <span class='ocrx_word' id='word_1_131' title='bbox 1345 3253 1561 3356; x_wconf 82' lang='grc' dir='ltr'>εὐεργεσίαν</span> <span class='ocrx_word' id='word_1_132' title='bbox 1587 3299 1601 3312; x_wconf 92' lang='grc'>-</span> <span class='ocrx_word' id='word_1_133' title='bbox 1625 3297 1641 3311; x_wconf 91' lang='grc'>-</span> <span class='ocrx_word' id='word_1_134' title='bbox 1665 3299 1679 3312; x_wconf 90' lang='grc'><strong>-</strong></span> <span class='ocrx_word' id='word_1_135' title='bbox 1709 3247 1856 3348; x_wconf 80' lang='grc' dir='ltr'>Κοκκηΐα</span> 
     </span>
     <span class='ocr_line' id='line_1_20' title="bbox 491 3381 1856 3490; baseline -0.01 -19"><span class='ocrx_word' id='word_1_136' title='bbox 491 3387 668 3490; x_wconf 80' lang='grc' dir='ltr'>Πλαγκία</span> <span class='ocrx_word' id='word_1_137' title='bbox 701 3391 771 3466; x_wconf 86' lang='grc' dir='ltr'>Μα</span> <span class='ocrx_word' id='word_1_138' title='bbox 790 3432 805 3446; x_wconf 91' lang='grc'><strong>-</strong></span> <span class='ocrx_word' id='word_1_139' title='bbox 828 3431 844 3446; x_wconf 90' lang='grc'>-</span> <span class='ocrx_word' id='word_1_140' title='bbox 866 3431 880 3447; x_wconf 91' lang='grc'><strong><em>·</em></strong></span> <span class='ocrx_word' id='word_1_141' title='bbox 904 3381 1085 3470; x_wconf 76' lang='grc' dir='ltr'>-πόλεως</span> <span class='ocrx_word' id='word_1_142' title='bbox 1115 3383 1281 3490; x_wconf 81' lang='grc' dir='ltr'>θυγάτηρ</span> <span class='ocrx_word' id='word_1_143' title='bbox 1303 3433 1316 3446; x_wconf 94' lang='grc'><strong>-</strong></span> <span class='ocrx_word' id='word_1_144' title='bbox 1340 3433 1354 3446; x_wconf 89' lang='grc'>-</span> <span class='ocrx_word' id='word_1_145' title='bbox 1378 3433 1391 3446; x_wconf 93' lang='grc'>-</span> <span class='ocrx_word' id='word_1_146' title='bbox 1415 3386 1612 3488; x_wconf 86' lang='grc' dir='ltr'>Πλαγκίου</span> <span class='ocrx_word' id='word_1_147' title='bbox 1638 3382 1784 3487; x_wconf 83' lang='grc' dir='ltr'>Οὐάρου</span> <span class='ocrx_word' id='word_1_148' title='bbox 1807 3381 1856 3460; x_wconf 81' lang='grc' dir='ltr'>καὶ</span> 
     </span>
     <span class='ocr_line' id='line_1_21' title="bbox 491 3516 1776 3624; baseline 0.002 -25"><span class='ocrx_word' id='word_1_149' title='bbox 491 3567 505 3580; x_wconf 87' lang='grc'><strong>-</strong></span> <span class='ocrx_word' id='word_1_150' title='bbox 529 3565 544 3580; x_wconf 91' lang='grc'>-</span> <span class='ocrx_word' id='word_1_151' title='bbox 566 3566 579 3580; x_wconf 95' lang='grc'>-</span> <span class='ocrx_word' id='word_1_152' title='bbox 604 3566 617 3580; x_wconf 89' lang='grc'><em>·</em></span> <span class='ocrx_word' id='word_1_153' title='bbox 640 3521 773 3621; x_wconf 83' lang='grc' dir='ltr'>δημίου</span> <span class='ocrx_word' id='word_1_154' title='bbox 793 3563 810 3580; x_wconf 88' lang='grc'><em>·</em></span> <span class='ocrx_word' id='word_1_155' title='bbox 832 3565 846 3580; x_wconf 90' lang='grc'>·</span> <span class='ocrx_word' id='word_1_156' title='bbox 870 3567 883 3580; x_wconf 93' lang='grc'>-</span> <span class='ocrx_word' id='word_1_157' title='bbox 905 3516 1219 3622; x_wconf 68' lang='grc' dir='ltr'>σταπργήσαντος</span> <span class='ocrx_word' id='word_1_158' title='bbox 1237 3521 1298 3600; x_wconf 80' lang='grc' dir='ltr'>καὶ</span> <span class='ocrx_word' id='word_1_159' title='bbox 1316 3517 1746 3624; x_wconf 78' lang='grc' dir='ltr'>γυμνασιαρχήσαυτος·</span> <span class='ocrx_word' id='word_1_160' title='bbox 1763 3563 1776 3576; x_wconf 95' lang='grc'><em>·</em></span> 
     </span>
    </p>
   </div>
   <div class='ocr_carea' id='block_1_7' title="bbox 490 3729 1858 4191">
    <p class='ocr_par' dir='ltr' id='par_1_10' title="bbox 490 3729 1858 4191">
     <span class='ocr_line' id='line_1_22' title="bbox 565 3729 1857 3834; baseline -0.007 -25"><span class='ocrx_word' id='word_1_161' title='bbox 565 3735 678 3809; x_wconf 87' lang='lat' dir='ltr'>Varia</span> <span class='ocrx_word' id='word_1_162' title='bbox 694 3734 883 3809; x_wconf 87' lang='lat' dir='ltr'>titulorum</span> <span class='ocrx_word' id='word_1_163' title='bbox 899 3733 1101 3832; x_wconf 82' lang='lat' dir='ltr'>fragmenta</span> <span class='ocrx_word' id='word_1_164' title='bbox 1117 3733 1164 3809; x_wconf 93' lang='lat' dir='ltr'>de</span> <span class='ocrx_word' id='word_1_165' title='bbox 1185 3735 1365 3834; x_wconf 86' lang='lat' dir='ltr'>lapidibus</span> <span class='ocrx_word' id='word_1_166' title='bbox 1382 3733 1544 3809; x_wconf 91' lang='lat' dir='ltr'>indidem</span> <span class='ocrx_word' id='word_1_167' title='bbox 1556 3729 1742 3831; x_wconf 80' lang='lat' dir='ltr'>desoripta.</span> <span class='ocrx_word' id='word_1_168' title='bbox 1769 3731 1857 3822; x_wconf 80' lang='lat' dir='ltr'>Qua·</span> 
     </span>
     <span class='ocr_line' id='line_1_23' title="bbox 490 3847 1856 3952; baseline -0.002 -26"><span class='ocrx_word' id='word_1_169' title='bbox 490 3855 573 3926; x_wconf 89' lang='lat' dir='ltr'>dam</span> <span class='ocrx_word' id='word_1_170' title='bbox 590 3851 772 3940; x_wconf 81' lang='lat' dir='ltr'>notabilia,</span> <span class='ocrx_word' id='word_1_171' title='bbox 791 3852 911 3948; x_wconf 88' lang='lat' dir='ltr'>qualia</span> <span class='ocrx_word' id='word_1_172' title='bbox 935 3864 1037 3943; x_wconf 87' lang='lat' dir='ltr'>sunt;</span> <span class='ocrx_word' id='word_1_173' title='bbox 1066 3849 1147 3952; x_wconf 80' lang='lat' dir='ltr'>(e),</span> <span class='ocrx_word' id='word_1_174' title='bbox 1169 3853 1242 3927; x_wconf 93' lang='lat' dir='ltr'>situ</span> <span class='ocrx_word' id='word_1_175' title='bbox 1267 3853 1446 3950; x_wconf 82' lang='lat' dir='ltr'>patefacto</span> <span class='ocrx_word' id='word_1_176' title='bbox 1472 3855 1571 3928; x_wconf 85' lang='lat' dir='ltr'>urbis</span> <span class='ocrx_word' id='word_1_177' title='bbox 1599 3855 1771 3949; x_wconf 84' lang='lat' dir='ltr'>antiquae:</span> <span class='ocrx_word' id='word_1_178' title='bbox 1797 3847 1856 3945; x_wconf 86' lang='lat' dir='ltr'><strong>(g.)</strong></span> 
     </span>
     <span class='ocr_line' id='line_1_24' title="bbox 490 3971 1858 4071; baseline -0.007 -25"><span class='ocrx_word' id='word_1_179' title='bbox 490 3997 573 4046; x_wconf 87' lang='lat' dir='ltr'>cum</span> <span class='ocrx_word' id='word_1_180' title='bbox 601 3972 711 4045; x_wconf 85' lang='lat' dir='ltr'>Assio</span> <span class='ocrx_word' id='word_1_181' title='bbox 738 3996 834 4068; x_wconf 91' lang='lat' dir='ltr'>supr.</span> <span class='ocrx_word' id='word_1_182' title='bbox 864 3971 1333 4068; x_wconf 54' lang='lat' dir='ltr'>contemperandum:</span> <span class='ocrx_word' id='word_1_183' title='bbox 1373 3971 1436 4071; x_wconf 87' lang='lat' dir='ltr'>(l.)</span> <span class='ocrx_word' id='word_1_184' title='bbox 1466 3973 1505 4046; x_wconf 91' lang='lat' dir='ltr'>in</span> <span class='ocrx_word' id='word_1_185' title='bbox 1532 3997 1605 4070; x_wconf 92' lang='lat' dir='ltr'>quo</span> <span class='ocrx_word' id='word_1_186' title='bbox 1635 3979 1858 4046; x_wconf 88' lang='lat' dir='ltr'>memorantur</span> 
     </span>
     <span class='ocr_line' id='line_1_25' title="bbox 490 4088 1857 4191; baseline -0.007 -26"><span class='ocrx_word' id='word_1_187' title='bbox 490 4092 728 4191; x_wconf 85' lang='lat' dir='ltr'>magistratus,</span> <span class='ocrx_word' id='word_1_188' title='bbox 744 4091 930 4188; x_wconf 79' lang='lat' dir='ltr'>strategus</span> <span class='ocrx_word' id='word_1_189' title='bbox 946 4088 1107 4176; x_wconf 83' lang='lat' dir='ltr'>fortasse,</span> <span class='ocrx_word' id='word_1_190' title='bbox 1119 4088 1165 4162; x_wconf 89' lang='lat' dir='ltr'>de</span> <span class='ocrx_word' id='word_1_191' title='bbox 1183 4113 1256 4186; x_wconf 90' lang='lat' dir='ltr'>quo</span> <span class='ocrx_word' id='word_1_192' title='bbox 1274 4089 1381 4165; x_wconf 87' lang='lat' dir='ltr'>adeas</span> <span class='ocrx_word' id='word_1_193' title='bbox 1400 4090 1641 4176; x_wconf 82' lang='lat' dir='ltr'>Eokhelium‘,</span> <span class='ocrx_word' id='word_1_194' title='bbox 1654 4103 1746 4165; x_wconf 83' lang='lat' dir='ltr'>certe</span> <span class='ocrx_word' id='word_1_195' title='bbox 1763 4089 1857 4184; x_wconf 80' lang='lat' dir='ltr'>Gym-</span> 
     </span>
    </p>
   </div>
   <div class='ocr_carea' id='block_1_8' title="bbox 973 4347 1397 4426">
    <p class='ocr_par' dir='ltr' id='par_1_11' title="bbox 973 4347 1397 4426">
     <span class='ocr_line' id='line_1_26' title="bbox 973 4347 1397 4426; baseline -0.021 -19"><span class='ocrx_word' id='word_1_196' title='bbox 973 4353 985 4382; x_wconf 78' lang='lat'><strong><em>‘</em></strong></span> <span class='ocrx_word' id='word_1_197' title='bbox 1000 4347 1061 4406; x_wconf 90' lang='lat' dir='ltr'>Ubi</span> <span class='ocrx_word' id='word_1_198' title='bbox 1075 4365 1154 4426; x_wconf 87' lang='lat' dir='ltr'>supr.</span> <span class='ocrx_word' id='word_1_199' title='bbox 1169 4347 1225 4404; x_wconf 82' lang='lat' dir='ltr'>rol.</span> <span class='ocrx_word' id='word_1_200' title='bbox 1235 4363 1277 4404; x_wconf 76' lang='grc' dir='ltr'>ιν.</span> <span class='ocrx_word' id='word_1_201' title='bbox 1292 4347 1397 4423; x_wconf 69' lang='lat' dir='ltr'>pals.</span> 
     </span>
    </p>
   </div>
   <div class='ocr_carea' id='block_1_9' title="bbox 0 0 1998 5240">
    <p class='ocr_par' dir='ltr' id='par_1_12' title="bbox 0 0 1998 5240">
     <span class='ocr_line' id='line_1_27' title="bbox 0 0 1998 5240; baseline 0 0"><span class='ocrx_word' id='word_1_202' title='bbox 0 0 1998 5240; x_wconf 95' lang='lat' dir='ltr'> </span> 
     </span>
    </p>
   </div>
  </div>
 </body>
</html>
