3956 5248
165 557 267 605 iason.
280 539 379 628 caru]
789 533 917 604 Tuos
999 541 1003 554 '
1491 539 1553 604 359

165 726 300 792 nummis
309 723 477 792 Teioruml
496 722 547 789 De
558 722 619 788 hoc
628 721 720 788 adeas
727 721 987 810 Spanlremiumffl.
1003 721 1204 790 Praestantior
1215 745 1299 800 vero,
1309 725 1341 788 et
1353 721 1404 788 cui
1414 722 1550 811 plurime

165 833 277 900 adsum
289 828 479 907 testimonia,
494 827 577 894 inter
592 825 687 894 Teios
704 826 815 915 religio
836 839 902 894 erat
916 826 1063 906 numinis,
1076 829 1159 896 circa
1173 829 1258 916 quod
1271 830 1358 916 quasi
1374 829 1408 894 in
1422 831 1549 895 illorum

165 963 238 1028 agro
261 951 365 1004 ortum
389 935 611 1024 gloriabantur,
641 932 770 1000 Bacchi.
825 933 935 1000 Verba
960 933 1109 1000 Diodorin
1138 949 1232 1016 sunt3
1265 940 1354 1013 Τήῖοι
1388 941 1551 1022 τεκμήριον

165 1050 292 1132 φέρουσι
320 1055 377 1122 τῆς
406 1043 479 1129 παρ’
506 1044 615 1118 αὐτοῖς
639 1045 791 1127 γενέσεως
813 1048 869 1108 τοῦ
893 1041 976 1120 θεοῦ,
1001 1044 1038 1109 τὸ
1063 1047 1156 1131 μέχρι
1180 1051 1238 1110 τοῦ
1267 1050 1326 1111 νῦν
1355 1048 1552 1130 τεταγμένοις

166 1151 300 1236 χρόνοις
314 1151 348 1216 ἐν
360 1153 399 1232 τῇ
412 1146 504 1214 πόλει
518 1147 625 1231 πηγὴν
640 1144 818 1226 αὐτομάτην
831 1148 862 1212 ἐκ
872 1156 928 1223 τῆς
938 1157 998 1232 γῆς
1010 1145 1101 1213 οἴνου
1112 1147 1181 1233 ῥεῖν
1193 1144 1305 1234 εὐωδία
1320 1145 1548 1235 denotaturo&-

164 1260 227 1321 τῶν
248 1251 402 1320 &diluo
417 1253 448 1318 ol
466 1255 522 1336 μὲν
543 1251 632 1336 ἱερὰν
653 1252 814 1317 Διονύσου
839 1247 1015 1317 δεικνύουσι
1042 1253 1101 1329 τὴν
1125 1255 1247 1341 χώραν,
1270 1258 1301 1320 ol
1328 1253 1359 1321 δὲ
1382 1259 1479 1332 ναοὺς
1503 1263 1552 1322 καὶ

164 1363 270 1444 τεμένη
286 1355 499 1444 διαφερόντως
521 1359 553 1424 ἐκ
575 1355 721 1424 παλαιῶν
745 1358 877 1442 χρόνων
890 1356 975 1443 αὐτῷ
990 1355 1207 1446 καθιδρυμένα·
1234 1357 1333 1423 immo
1350 1373 1383 1425 et
1398 1360 1481 1439 Teii,
1497 1361 1552 1446 qui

165 1469 224 1536 hoc
243 1468 348 1555 ipsum
363 1475 583 1552 argumentum
597 1460 730 1550 putandi
744 1473 818 1526 sunt
832 1459 1001 1526 adduxisse
1017 1483 1115 1547 quum
1129 1461 1310 1549 rogaverint
1323 1477 1440 1529 ceteras
1458 1489 1553 1551 quam

164 1571 314 1660 plurimas
338 1571 431 1636 urbes
456 1581 494 1634 ut
516 1577 688 1656 agnoscant
709 1564 906 1632 sanctitatem
922 1563 994 1631 Teii
1017 1565 1084 1642 soli,
1100 1579 1227 1655 propter
1240 1568 1361 1634 cultum
1376 1569 1505 1651 Bacchi,
1521 1586 1554 1638 et

165 1677 270 1766 asyliae
290 1677 373 1763 jure.
420 1673 638 1761 Suffragentur
656 1670 802 1748 nummi1’‚
829 1671 864 1736 in
889 1669 1003 1756 quibus
1028 1683 1132 1737 exstet
1153 1673 1273 1760 effigies
1295 1673 1452 1741 Bacchico
1479 1701 1552 1743 cum

164 1783 350 1872 insignibus,
372 1781 497 1858 hedera,
523 1779 641 1868 thyrso,
667 1779 788 1866 botrye,
814 1777 866 1844 vel
896 1777 1039 1866 symbola
1067 1779 1235 1865 conjuncta
1257 1779 1360 1847 cultus
1384 1783 1452 1868 ejus
1479 1807 1552 1849 cum

164 1888 346 1978 Apollineo,
361 1885 494 1975 gryphe.

229 1993 461 2082 comprobetur
486 2015 610 2078 quoque
634 1989 747 2078 religio
761 1989 954 2079 Dionysiaca
977 2015 1021 2058 ex
1043 1992 1083 2059 iis
1106 2019 1175 2084 quae
1200 1995 1296 2062 tradit
1310 1997 1491 2063 Vitruviusd
1513 1999 1552 2064 de

165 2099 283 2188 templo
298 2099 406 2165 Liberi
421 2097 523 2166 Patris
538 2097 622 2186 apud
637 2096 733 2163 Teios
747 2096 781 2162 in
796 2097 866 2165 loco
880 2099 935 2165 ubi
950 2097 990 2164 de
1005 2099 1125 2166 ratione
1139 2099 1262 2167 disserit
1275 2102 1358 2168 inter
1372 2103 1552 2170 altitudines

164 2205 381 2271 columnarum
406 2217 438 2270 et
461 2202 719 2270 intercolumnia:
740 2187 854 2292 Hujus*
868 2205 1022 2293 aceruplor
1041 2205 1148 2272 Romo
1173 2209 1290 2272 nullom
1312 2209 1474 2286 bohemum
1500 2214 1553 2276 aed

164 2313 197 2376 ιἰι
219 2313 299 2376 Αοά
326 2311 385 2378 Teo
406 2311 577 2399 hexastylon
590 2311 700 2378 Liberi
711 2311 838 2377 Patro.-
859 2325 892 2380 et
914 2325 1049 2400 postea¹3
1079 2313 1284 2402 Hermogenes
1303 2317 1360 2403 (so.
1375 2317 1476 2383 edidit
1496 2343 1550 2384 vo-

164 2417 286 2500 lumen)
307 2419 345 2484 ds
363 2418 425 2483 oede
435 2416 550 2482 Βίοιιοι
565 2417 680 2496 Ionica,
697 2441 764 2504 οταν
786 2430 813 2485 ct
829 2418 995 2505 Magnesiae
1005 2422 1261 2509 Pseudodipteros,
1282 2435 1309 2489 et
1322 2421 1431 2490 ΙνίὸαιεΙ
1445 2425 1553 2488 Putris

172 2525 236 2590 Teo
247 2534 442 2611 monopteroe.
487 2522 594 2610 Hujus
608 2523 727 2611 templi,
743 2523 804 2589 m'si
818 2523 944 2590 fallente
955 2525 1089 2612 judicio,
1105 2541 1222 2593 restant
1241 2527 1344 2594 adhuc
1359 2531 1443 2617 apud
1458 2531 1552 2596 situm

163 2641 324 2696 vetustum
339 2652 433 2714 quem
448 2628 616 2717 perhibent
630 2629 783 2696 doctiores
807 2629 946 2710 indicia;
968 2655 1042 2697 nam
1067 2632 1154 2718 quod
1176 2633 1295 2722 opinati
1317 2650 1390 2700 sunt
1413 2637 1551 2722 quidam,

163 2737 271 2802 vicum
287 2735 460 2802 Turcicum
483 2736 645 2826 Siyattjek
670 2736 768 2803 littori
783 2736 935 2818 vicinum,
955 2761 1028 2804 cum
1048 2753 1141 2828 portu
1155 2717 1373 2808 arctissimdet
1388 2743 1552 2832 aggeribus

164 2845 302 2934 oppleto,
318 2843 470 2910 Teiorum
485 2843 645 2930 antiquam
660 2843 765 2909 sedem
780 2865 943 2931 occupare,
960 2843 994 2908 id
1008 2843 1132 2910 veritati
1145 2867 1269 2932 prorsus
1284 2846 1434 2912 absonum
1450 2849 1551 2914 oredo.

165 2951 269 3014 Immo
288 2950 546 3016 tumidarum
560 2947 694 3036 vestigia
716 2947 751 3011 in
772 2947 834 3014 hoc
859 2947 1011 3036 oppidulo
1034 2951 1150 3037 agnovi
1173 2965 1390 3030 commoratus,
1405 2953 1552 3039 reliquias

164 3080 240 3122 vero
256 3054 342 3122 urbis
357 3053 566 3122 celeberrimae
589 3075 655 3118 esse
677 3052 802 3142 longius
814 3076 833 3118 α
847 3069 940 3142 portu
955 3054 1144 3140 quaerendas,
1166 3077 1280 3143 nempe
1295 3057 1335 3124 ed
1350 3057 1483 3145 primum
1501 3061 1553 3126 vel

163 3161 337 3229 secundum
351 3159 540 3237 milliarium,
556 3157 720 3225 meridiem
734 3181 849 3224 veram.
894 3159 935 3224 In
953 3159 1014 3226 hac
1027 3174 1116 3248 parte
1130 3183 1349 3250 recognoscere
1369 3177 1415 3228 est
1437 3179 1469 3228 et
1491 3179 1551 3232 sta-

163 3269 283 3334 tionem
308 3265 438 3332 nevium
462 3287 555 3351 quam
585 3275 737 3330 memorat
760 3263 967 3352 Geogrsphus
991 3265 1150 3346 illustris²;
1181 3267 1316 3356 spatium
1339 3269 1442 3356 ipsum
1470 3271 1553 3338 intra.

197 3486 202 3518 ¹
224 3486 320 3535 Fnkhel.
331 3486 372 3534 nbi
382 3499 458 3546 supra,
470 3499 493 3545 μ
503 3487 558 3534 663.
570 3499 590 3532 ν.
883 3485 973 3534 Bdckh.
984 3485 1030 3533 vol.
1039 3499 1067 3534 ιι.
1079 3501 1100 3547 μ
1110 3488 1164 3536 661.
1176 3501 1199 3534 a.
1233 3487 1340 3536 Meminit
1358 3487 1441 3536 Strabo
1453 3489 1478 3536 in
1495 3501 1551 3536 xiv.

196 3579 214 3608 ¹¹¹
227 3573 320 3620 Dinaert
335 3584 360 3618 v.
372 3585 412 3632 pp.
420 3571 474 3618 271.
483 3584 502 3618 ι
887 3573 907 3618 1.
924 3584 947 3630 p.
962 3572 1015 3618 180.
1029 3568 1106 3620 Ἐστι
1124 3571 1166 3620 καὶ
1178 3570 1261 3629 ἄλλος
1272 3571 1353 3634 λιμὴν
1370 3569 1384 3618 ὁ
1403 3569 1553 3636 πρόοβορος

196 3665 208 3689 ¹²
226 3656 287 3705 Bibl.
298 3656 359 3704 fflu.
371 3668 411 3704 ιιι.
425 3657 464 3703 65.
885 3652 939 3704 6τὸ
959 3652 1100 3718 τριάκοντα
1118 3652 1232 3704 σταδίαν
1249 3657 1299 3715 τῆς
1315 3654 1421 3716 πόλεως,
1435 3653 1555 3718 Χιρῤαιῒ·

195 3751 208 3776 ⁰
224 3743 315 3792 Similes
325 3741 454 3802 prestigias
464 3743 606 3789 sacerdotum
619 3747 731 3790 memorat
748 3741 835 3790 Pansa·
885 3735 935 3788 δαι.

162 3827 539 3882 οἱανδεΕΙείεαΑοὼ-ἰὶείονι.
552 3829 622 3874 26.1.
918 3821 1038 3870 Habemus
1057 3835 1097 3882 pet
1115 3835 1198 3870 nomen
1219 3821 1342 3869 'turcicum
1364 3835 1472 3882 expressa
1490 3825 1551 3870 vada

196 3913 457 3973 ”Eckbalubimpm
470 3926 493 3972 p.
504 3913 559 3960 tot.
572 3925 593 3958 a
885 3921 974 3954 οαιιοιο
986 3921 1107 3968 quaenunc
1118 3907 1302 3956 cbetrei'dnrum
1312 3913 1404 3966 portum
1415 3907 1550 3954 detondant.

195 4008 207 4042 ι
225 4001 287 4047 Libr.
298 4011 338 4047 tn.
351 4001 372 4045 2.
384 4013 407 4058 p.
418 3999 457 4046 20.
921 3993 928 4022 ¹
941 3991 989 4039 Ubi
1010 4006 1085 4052 supra
1119 3991 1168 4040 Kal
1181 3989 1197 4050 ἡ
1214 3989 1281 4050 Τέως
1292 3989 1318 4040 δὲ
1338 3990 1381 4040 tal
1397 3987 1551 4054 χερῤανήσῳ

196 4091 206 4117 ¹
224 4084 316 4132 Prnlat.
328 4083 437 4131 libavit.
449 4097 471 4143 p.
482 4084 535 4130 196.
884 4072 993 4140 ἵδρυται,
999 4074 1091 4141 λιμένα
1101 4075 1207 4138 ἔχουσα.
1227 4077 1355 4124 Veritatem
1361 4078 1460 4136 cpticm
1470 4076 1552 4140 (quam

195 4178 205 4204 ⁸
223 4168 441 4226 sucronemne,
455 4167 509 4216 Iu'n.
521 4180 609 4226 contr.
627 4167 699 4226 ρ42.
711 4179 740 4212 as
763 4164 833 4212 lusor.
885 4159 981 4225 vocant)
999 4163 1134 4224 exprimunt
1151 4161 1270 4220 Pliniana3
1292 4163 1365 4209 Clara
1383 4177 1436 4208 vero
1457 4164 1482 4208 ia
1504 4164 1554 4210 alto

162 4275 189 4318 p.
202 4259 241 4304 21.
276 4255 304 4302 ln
321 4255 412 4302 nomine
422 4253 493 4302 latere
504 4253 604 4312 suspicor
614 4252 748 4300 memoriam
759 4251 835 4298 Boaoti
890 4248 948 4294 Teos
970 4263 1020 4294 cum
1042 4248 1134 4308 oppido,
1155 4248 1220 4307 quasi
1239 4245 1315 4294 insule
1335 4246 1413 4294 tuerit:
1439 4262 1461 4294 ν.
1478 4251 1516 4296 38.
1530 4252 1551 4297 2.

164 4343 239 4402 Geso,
252 4340 291 4402 qui
303 4341 362 4387 inter
372 4338 414 4386 Tei
424 4339 551 4386 conditores
561 4351 630 4398 supra
638 4337 741 4385 occurrit.
776 4335 835 4383 Vide
886 4333 999 4396 Equidem
1010 4347 1025 4380 a
1035 4334 1093 4381 muri
1105 4339 1225 4394 conspecta
1240 4333 1309 4379 talem
1320 4333 1418 4392 speeiem
1429 4341 1554 4384 monstrare
