3972 5240
483 581 544 650 192
890 580 1241 650 INSORIPTIONES
1262 583 1453 650 GRAEOAE.
1545 585 1664 674 [meon
1681 607 1796 664 cxcix,
1809 607 1843 652 oc.

479 781 652 867 utrosque
679 767 881 866 composuit
907 767 1112 846 Bdokhius'
1142 770 1207 866 qui
1239 771 1278 846 in
1304 771 1515 846 Addendis¹
1541 775 1697 850 contulit
1718 799 1842 872 quoqne

478 889 666 989 exemplar
693 887 969 988 Kiepertianum
996 887 1096 984 quod
1121 887 1314 986 particulas
1340 889 1376 964 h.
1394 891 1417 964 i.
1436 889 1471 964 k
1490 891 1512 964 1
1529 915 1575 966 m
1593 917 1624 966 o.
1649 906 1688 968 et
1714 893 1842 990 disjecta

479 1013 644 1110 quaedum
672 1012 902 1110 complexum
919 1010 1036 1086 video.
1085 1011 1220 1085 Nostra
1244 1035 1328 1086 cum
1354 1011 1453 1087 hisce
1476 1015 1691 1112 comparavi,
1722 1038 1841 1089 necnon

478 1133 723 1232 apographum
740 1131 787 1207 nd
802 1155 861 1206 me
877 1131 1025 1205 missum
1042 1155 1064 1205 a
1079 1130 1265 1206 Borrellio.

553 1255 599 1328 In
626 1253 670 1328 fr.
688 1253 723 1328 h.
740 1251 884 1328 admisit
910 1249 1046 1328 B‘oclrh.
1073 1257 1097 1325 Ε
1123 1262 1249 1326 contra
1269 1249 1379 1326 fidem
1407 1253 1603 1327 marmoris.
1665 1255 1711 1328 In
1734 1253 1840 1352 ilep't

478 1373 630 1450 BorrelL
642 1379 797 1450 ΟΛΝΙΟ
812 1433 830 1448 .
846 1433 864 1448 .
883 1372 988 1472 quasi
1003 1371 1113 1448 fuerit
1128 1398 1262 1449 nomen
1281 1373 1451 1474 Opolnius
1467 1375 1527 1450 vel
1544 1373 1726 1476 Ogulnius.
1772 1379 1809 1450 In
1822 1375 1839 1447 l.

477 1491 614 1569 Bookh.
643 1493 754 1569 habet
779 1505 918 1570 tanturn
935 1501 1041 1569 ΥΚΑ.
1097 1495 1142 1568 In
1169 1494 1279 1569 mid
1299 1500 1401 1571 ΠΟΑ
1427 1495 1475 1572 ad
1500 1495 1559 1570 fin.
1609 1498 1656 1570 In
1678 1521 1710 1571 o.
1733 1495 1776 1570 id
1788 1499 1839 1568 ΤΑ

478 1619 673 1690 eetcoc.
727 1613 908 1689 Nimirum
928 1612 1117 1710 descripsit
1141 1613 1387 1701 Fellowsianu,
1415 1615 1547 1712 quibus
1572 1614 1705 1689 deinde
1728 1611 1839 1710 adjecit

475 1733 687 1831 posticulam
717 1745 879 1810 octavam
907 1757 956 1808 ex
982 1731 1155 1807 Richtero
1182 1758 1204 1808 a
1229 1733 1311 1808 loco
1337 1736 1514 1832 praesenti,
1532 1735 1670 1834 opinor,
1698 1734 1838 1809 alienam.

476 1855 562 1931 Vid.
579 1855 659 1930 infr.
677 1877 746 1934 σοι.
799 1855 919 1930 Abest
934 1877 956 1926 a
972 1851 1197 1926 Borrelliano
1213 1849 1254 1925 fr.
1268 1875 1302 1926 n.

1054 2185 1129 2264 CC.
1157 2213 1189 2285 p.
1211 2201 1279 2262 etc.

918 2426 952 2499 p.
980 2403 1411 2478 ΑΠΤΛῚῬωΝΟθῚῊῦΤ

919 2536 951 2608 q.
979 2515 1173 2588 ἸΟΛΘωΟ

917 2647 944 2696 r.
977 2627 1428 2702 noxarumacctctot

917 2757 943 2806 s.
978 2737 1387 2810 <mammon

839 2855 860 2924 5
916 2861 939 2923 t
975 2845 1165 2922 ΘΠωΝΑ

474 3079 487 3092 -
511 3079 525 3092 -
549 3078 562 3091 -
584 3075 600 3090 -
621 3029 682 3109 καὶ
706 3025 899 3132 πάτρωνος
927 3029 993 3125 τῆς
1015 3021 1174 3123 πόλεως,
1199 3025 1582 3107 ἀποκατασταθείσων
1601 3018 1664 3105 ὑπ’
1684 3026 1836 3125 αὑτοῦτῄ

748 3157 859 3244 πόλει
879 3161 920 3241 ἔκ
938 3161 1012 3240 τῶν
1030 3160 1145 3239 αὐτοῦ
1163 3155 1364 3266 χρημάτων
1384 3203 1585 3219 ......

546 3375 638 3448 Haec
653 3371 829 3472 fragmina
844 3369 1019 3467 descripsi
1037 3367 1083 3442 de
1100 3367 1282 3466 lapidibus
1298 3369 1338 3442 in
1353 3367 1500 3466 regione
1517 3365 1774 3464 amphitheatri,
1789 3385 1835 3434 oc·

471 3495 653 3570 uidentem
670 3515 805 3581 versus,
824 3489 1037 3589 jacentibus.
1089 3487 1252 3562 Exhibui
1280 3487 1400 3582 qualia
1421 3486 1605 3585 conspexi,
1618 3511 1700 3562 cum
1722 3481 1834 3559 litteris

470 3616 637 3690 finalibus
658 3619 701 3703 tt,
717 3623 760 3702 Ν,
782 3614 821 3687 in
833 3637 891 3686 vv.
912 3615 942 3684 1.
955 3613 998 3698 3.,
1017 3609 1223 3697 dimidiatis,
1240 3609 1372 3684 deinde
1389 3610 1428 3683 in
1444 3634 1478 3705 q.
1496 3633 1533 3696 s,
1551 3607 1746 3684 secundum
1761 3604 1834 3677 froc·

470 3749 577 3811 turos.
628 3735 673 3807 Iu
691 3729 896 3831 apographo
913 3727 1014 3826 quod
1029 3725 1077 3801 ad
1093 3751 1150 3800 me
1167 3725 1265 3800 misit
1281 3725 1479 3800 Borrellius
1495 3737 1787 3824 repraesentantur
1797 3715 1835 3792 ad

470 3856 640 3932 amussim
656 3865 694 3929 et
708 3853 884 3927 lectiones
914 3863 952 3925 et
974 3849 1101 3926 formae
1116 3849 1328 3936 litterarum,
1345 3847 1487 3922 locatur
1502 3869 1590 3921 vero
1607 3847 1699 3921 inter
1713 3867 1746 3939 q.
1761 3851 1794 3913 et
1807 3861 1833 3933 p.

468 3977 510 4052 sr.
528 3989 553 4051 t.
571 3973 672 4072 quod
685 3974 894 4071 juncturam
910 3969 1043 4044 turbat.

509 4217 644 4274 'Volat
659 4215 764 4292 pctt.
777 4231 805 4270 n.
816 4209 901 4274 3571.
1228 4211 1242 4242 ¹
1258 4205 1331 4265 Ibid.
1345 4224 1372 4282 p
1386 4207 1469 4269 1129.
