4004 5264
433 565 472 630 16
840 567 1197 637 INSORIPTIONES
1220 569 1413 638 GRAECAE.
1505 574 1628 662 [rusca.
1642 595 1739 654 xtra,
1757 597 1827 642 xta.

432 779 480 826 ex
515 755 593 850 ipsa
627 755 814 828 marmoris
845 757 965 852 specie
999 758 1205 853 conjeceris.
1271 759 1355 832 Hoc
1385 761 1513 858 procul
1548 761 1661 836 dubio
1693 767 1828 840 nomini

432 877 642 954 Christiano
661 890 895 976 tyrannorum
916 881 1053 955 saevitia
1069 880 1217 956 efferato
1235 884 1478 960 tribuendum.

509 999 741 1096 Exemplaria
757 999 865 1074 video
882 1003 1149 1077 accuratissime
1176 1003 1351 1092 confecta,
1370 1005 1440 1079 nisi
1470 1005 1570 1102 quod
1593 1007 1632 1082 in
1650 1033 1682 1080 v.
1699 1011 1755 1081 16.
1769 1034 1827 1082 ex·

431 1115 562 1214 pressit
582 1113 716 1191 thkh.
738 1122 1292 1198 ΕΠΡΕΣΒΕΥΟΝΑΥΡΗΛΙΟΣ.

1039 1339 1162 1415 XLV.
1187 1343 1220 1415 b.

654 1499 1606 1606 ssototmuuourrouaourmorarouur

657 1620 1590 1698 suouusornuxmonumorurmrousn

654 1729 918 1805 ΛΦΝΕΡΓΦΝ
927 1731 1611 1810 ΚΑΙΤΟΤἙΙΧΟΙΖΑΝΑΙΖΤΗΕΑΝΤΑ

654 1839 695 1912 ·Ι·
709 1843 794 1914 ΕΠΙ
804 1843 1083 1916 anxiam
1089 1843 1569 1918 commemorem*

582 1957 602 2026 5
654 1951 910 2026 notrorum
918 1951 1603 2029 mmouKAnoonoteroN

655 2061 1564 2137 Tumrautoauotuzmeuoffltssmmffi

654 2152 1582 2252 morrorsuuorouttxmmreouufflt·

434 2341 507 2417 Φλ.
540 2333 820 2432 Κωνστᾶντιον,
859 2333 926 2416 τὸν
969 2331 1240 2441 λαμπρότατον
1282 2333 1460 2442 ἡγεμόνα,
1494 2339 1517 2439 ἡ
1552 2335 1679 2440 Bochai
1712 2343 1772 2420 καὶ
1805 2343 1824 2420 ὁ

431 2475 575 2572 Δῆμος,
593 2469 688 2571 μετὰ
712 2477 786 2551 τῶν
816 2471 948 2552 ἄλλων
968 2470 1086 2576 ἔργων
1113 2473 1173 2552 καὶ
1193 2469 1236 2553 τὸ
1256 2479 1379 2579 τεῖχος
1397 2471 1680 2574 ἀναστήσαντα.
1738 2471 1823 2554 Ἐπὶ

431 2605 581 2711 εὐτυχίᾳ
611 2609 676 2704 τῆς·
706 2611 881 2710 λαμπρᾶς
900 2608 1217 2710 Ταυρονπολιτῶν
1246 2601 1526 2711 μητροπόλεως,
1552 2609 1613 2687 καὶ
1643 2614 1754 2687 τοῦτο
1781 2601 1822 2685 τὸ

432 2735 544 2841 ἔργον
569 2741 634 2836 τῆς
664 2733 788 2839 πύλης
808 2735 989 2839 ἀνενεώθη
1011 2739 1071 2819 ἐπὶ
1096 2741 1170 2817 Φλ.
1190 2735 1413 2840 Ἀμπελίον,
1433 2745 1500 2833 τοῦ
1520 2735 1824 2842 ἐλλογιμωτάτου

711 2878 973 2975 σχολαστικοῦ
993 2871 1053 2951 καὶ
1072 2867 1227 2975 πατρός,
1248 2873 1478 2956 ἰνδικτεῶνοο
1496 2864 1544 2971 η’.

508 3075 654 3152 Titulus
681 3077 821 3176 duplex
847 3092 910 3154 est.
970 3078 1241 3155 Commemorat
1267 3078 1368 3177 prior
1389 3077 1608 3152 erectionem
1636 3077 1730 3149 muri
1760 3098 1824 3173 per

433 3197 696 3286 Constantium,
729 3197 844 3272 filium
885 3199 1039 3274 altemm
1082 3201 1218 3300 Magni,
1250 3201 1399 3298 jamjam
1431 3199 1606 3272 orientem
1645 3197 1821 3270 neotum⁰:

432 3317 622 3406 secundus,
652 3319 712 3394 cui
741 3318 936 3394 adhibetur
970 3320 1176 3419 symbolum
1206 3345 1357 3408 sacrum,
1384 3318 1681 3393 instaurationem
1711 3329 1823 3415 portae

432 3421 676 3536 magistratum
704 3453 852 3538 gerente
871 3441 1053 3539 Ampelio,
1076 3455 1228 3539 patrono
1253 3440 1418 3528 civitatis,
1445 3451 1574 3513 octavo
1595 3463 1690 3512 anno
1708 3436 1824 3510 Indic-

434 3557 549 3630 tionis.
604 3560 786 3654 Tempora
812 3558 976 3632 exactius
1004 3557 1153 3634 definivi
1169 3559 1207 3632 in
1224 3571 1297 3633 not
1315 3556 1393 3632 crit.
1413 3582 1460 3630 sc.
1487 3557 1532 3632 U.
1545 3557 1586 3632 C.
1604 3556 1709 3628 1088.
1728 3556 1767 3628 P.
1783 3553 1822 3629 C.

433 3677 536 3768 335.;
554 3689 592 3750 et
609 3677 655 3754 U.
671 3675 711 3752 C.
733 3677 840 3750 1103.
854 3678 893 3749 P.
909 3675 950 3751 O.
965 3678 1048 3750 350.

507 3796 692 3894 Descripsi
709 3795 755 3870 de
773 3795 893 3893 lapide
912 3819 1021 3893 supra
1037 3819 1216 3868 cameram
1241 3793 1452 3869 fornicatam
1470 3795 1509 3868 in
1525 3794 1673 3893 regione
1691 3793 1824 3893 amphi-

431 3917 570 3991 theatri.
622 3917 752 3991 Habeo
777 3927 815 3990 et
837 3915 1084 4016 apographum
1107 3915 1198 3990 mihi
1214 3940 1236 3989 a
1253 3915 1433 3989 Borrellio
1457 3915 1616 3989 missum.
1674 3915 1823 3990 Editum

432 4037 540 4112 video
566 4038 662 4111 inter
679 4037 911 4125 Bockhiana⁰‚
930 4063 979 4112 ex
998 4037 1101 4112 libris
1122 4037 1271 4112 Sestini¹²
1293 4049 1331 4111 et
1356 4036 1534 4111 Richteri‘¹
1563 4035 1629 4136 (ex
1660 4058 1734 4132 quo
1761 4059 1825 4110 suu

471 4309 485 4338 ¹¹
500 4299 593 4360 Eckh.
607 4301 660 4360 ubi
674 4317 736 4378 sup.
750 4320 778 4379 p.
790 4298 838 4370 77,
853 4320 877 4360 ο.
1193 4302 1208 4345 l’
1223 4297 1339 4378 virgg,
1354 4307 1408 4358 eto.
1421 4317 1449 4376 p.
1461 4301 1525 4358 113.

473 4409 487 4440 0
501 4401 568 4460 Vol.
578 4401 608 4460 ii.
622 4403 725 4479 poue,
741 4419 789 4458 nn.
804 4399 892 4470 2745,
905 4419 926 4459 s.
1196 4404 1210 4442 l
1226 4399 1298 4459 Itin.
1311 4418 1341 4456 n.
1350 4397 1398 4462 47.
1409 4417 1436 4476 p.
1445 4401 1512 4463 595.
