3952 5238
613 1349 1054 1446 AUOTARIUM

282 1643 671 1724 ANNOTATIONIS
703 1647 930 1726 ORITIGAE
964 1647 1027 1723 ΕΤ
1060 1647 1384 1726 EXEGETIGAE.

761 1882 910 1919 ACOEDUN'I'

438 2055 601 2116 INDICES
623 2057 767 2130 GRAECI,
789 2059 942 2130 LATINI,
965 2059 1235 2120 ORIENTALES.

754 2337 916 2368 -μ-

740 2555 930 2622 NOTAE.

773 2768 901 2834 XLIII.

136 2919 325 2985 Decanrun
340 2915 530 3004 municipale
554 2923 764 2991 memoratum
791 2912 910 2978 ideireo
931 2911 1076 3000 opinatus
1102 2935 1171 2978 sum
1187 2913 1400 3001 Euphemum
1416 2916 1450 2980 in
1476 2940 1530 2982 eu-

133 3027 184 3111 jus
199 3025 353 3090 honorem
372 3021 453 3088 illud
471 3022 574 3088 fuerat
596 3021 760 3098 sancitam,
784 3019 964 3108 insignioris
989 3019 1114 3108 gradus,
1135 3019 1235 3105 qualis
1255 3035 1323 3086 erat
1345 3021 1530 3088 cubicularii

138 3133 305 3222 Principis,
320 3131 423 3198 baisse.
468 3129 518 3196 De
534 3128 690 3195 Hadriani
714 3127 857 3192 ministro
871 3125 1027 3212 conjicere
1052 3125 1136 3204 lieet,
1152 3139 1185 3191 et
1207 3139 1348 3215 tempore
1372 3151 1471 3213 quum
1496 3128 1531 3192 in

137 3240 186 3306 hie
200 3237 383 3328 regionibus
397 3236 587 3313 versabatur,
603 3234 654 3300 vel
668 3233 794 3300 fortasse
809 3233 920 3300 eodem
936 3257 972 3298 ae
986 3233 1071 3298 tituli
1086 3235 1255 3323 praegressi.
1292 3235 1349 3302 Sin
1364 3237 1416 3302 cui
1431 3238 1531 3326 magis

138 3345 275 3413 arrideat
288 3342 442 3410 sententia
455 3341 637 3420 Aristaeum,
653 3339 757 3406 virum
772 3353 1007 3428 prepotentem,
1023 3342 1167 3408 ministro
1181 3368 1238 3410 suo
1257 3343 1405 3413 familiari
1421 3348 1531 3414 volun-

138 3465 235 3519 tatem
251 3449 370 3518 civium
383 3447 573 3526 conciliasse,
588 3471 639 3514 me
654 3470 719 3512 non
732 3470 922 3536 magnopere
937 3447 1173 3515 dissentientem
1188 3450 1326 3518 habebit.

202 3563 234 3624 2.
260 3557 513 3647 Φιλοσεβᾶοτον.
558 3555 608 3622 De
631 3553 811 3620 civitatibus
838 3567 871 3620 et
893 3554 1032 3642 personis
1060 3555 1196 3635 dieitur3
1224 3581 1275 3623 ex.
1297 3581 1324 3624 e.
1350 3557 1384 3622 in
1404 3557 1527 3622 Biielrh.

139 3667 303 3757 Ephesin⁸.
343 3669 363 3744 ἡ
385 3664 622 3754 φιλοσέβοστος
635 3665 790 3750 Ἐφεσίων
807 3663 926 3741 Βουλῆ.
974 3663 1137 3729 Habemus
1165 3677 1198 3730 et
1221 3673 1377 3751 Πρεῖσκον
1397 3663 1526 3751 piboni·

137 3773 329 3860 firmantes
343 3769 377 3834 in
396 3768 490 3834 titulo
502 3765 725 3846 Pooockianu,
742 3765 782 3831 Τ.
800 3767 862 3834 Φλ.
880 3767 1060 3846 Μουνάτιος
1076 3769 1324 3856 φιλοσέβιιστος,
1342 3793 1466 3859 prorsus
1492 3781 1529 3834 ut

137 3878 170 3942 in
186 3874 452 3966 Aphrodisiensi⁶‚
471 3875 622 3965 Εὔμαχος
638 3879 794 3964 Διογένης
810 3877 1010 3964 praesuma.

200 3986 231 4048 4.
254 3985 327 4051 Ἐπὶ
342 3989 398 4050 τοῦ
421 3988 583 4060 κοιτῶνος.
630 3980 711 4049 Satis
726 3979 884 4047 illustrant
898 3982 994 4047 verba
1009 3981 1043 4046 in
1058 3983 1145 4048 Aett.
1160 3983 1287 4071 Apost!
1302 3991 1350 4052 καὶ
1366 3989 1530 4062 πείσοντες

170 4225 181 4250 ⁸
197 4221 225 4269 C.
236 4220 255 4267 L
268 4219 314 4267 vol
320 4233 347 4267 ιι.
360 4221 446 4280 peon.
458 4233 481 4266 n
490 4221 561 4268 2966.
572 4223 593 4266 6.
894 4219 906 4254 ⁶
924 4223 990 4282 supr.
1002 4224 1038 4270 tit.
1048 4236 1138 4270 nxvnr.
1151 4227 1173 4270 4.

169 4303 181 4336 ¹³
195 4305 255 4354 Ibid-
268 4306 352 4365 p618.
362 4319 385 4351 n.
394 4305 465 4353 2987.
477 4317 511 4364 pr·
738 4363 742 4370 ι
895 4309 906 4336 ⁸
922 4304 978 4365 cau
991 4317 1037 4352 ιιιι.
1048 4319 1069 4352 ι’.
1080 4307 1118 4352 20.

168 4397 179 4422 ³
196 4389 268 4438 Inser.
280 4395 327 4437 ant.
339 4403 362 4450 p.
373 4391 411 4438 87.
422 4403 446 4435 n.
458 4390 497 4436 82.

201 4491 321 4538 mele.
338 4491 374 4536 11.
820 4474 838 4535 2
856 4492 881 4536 u
