3972 5240
465 561 526 630 196
872 557 1223 626 INSORIPTIONES
1246 557 1439 625 GRAEOAE.
1557 559 1840 642 [rrsca.ccv.,ccv1.

540 746 666 822 Refert
680 747 741 822 hic
758 748 887 822 titulus
900 747 1119 822 Anthimum
1137 745 1342 842 quemdam,
1359 770 1492 820 munus
1504 745 1684 844 proedriae
1703 747 1842 822 Scaman-

466 866 523 940 dri
539 878 784 958 exercentem,
802 864 970 938 refecisse
982 863 1172 938 ecolesiam
1186 863 1319 938 dictam
1332 866 1510 962 praeconis
1524 867 1590 963 (sc.
1604 863 1844 963 praedicatoris)

466 984 628 1060 Cornelii
645 997 682 1058 et
699 984 745 1058 ad
766 984 959 1082 pristinum
982 984 1138 1057 nitorem
1164 985 1375 1072 restituisse,
1396 985 1565 1083 precibus
1582 987 1713 1060 oblatis
1729 999 1766 1060 nt
1786 983 1840 1058 sibi

464 1129 531 1202 pro
548 1105 671 1178 labore
689 1117 727 1178 et
743 1116 890 1202 sumptu
908 1102 1136 1178 condonetur
1158 1105 1321 1178 remissio
1338 1117 1579 1203 peccatorum.
1633 1109 1786 1204 Tempus
1800 1105 1840 1178 in·

465 1225 694 1298 staurationis
710 1223 857 1298 videtur
883 1225 987 1298 innui
1004 1223 1187 1312 adfinem,
1206 1225 1271 1300 sed
1297 1251 1371 1299 non
1398 1225 1558 1323 perfecte
1581 1251 1759 1324 assequor.
1804 1227 1839 1299 ln

465 1350 677 1423 minusculis
695 1350 844 1446 conjeci,
862 1336 988 1428 ars?-

542 1471 728 1568 Descripsi
753 1470 800 1543 de
827 1495 1007 1544 marmore
1035 1469 1259 1570 hyperthyro
1294 1470 1427 1545 aedium
1457 1496 1637 1545 sacrarum
1664 1470 1712 1544 ad
1739 1481 1838 1569 partes

465 1591 763 1688 septentrionales
782 1591 947 1688 oppiduli
963 1589 1232 1665 Balaam-Kal
1241 1591 1330 1665 ’ate
1346 1616 1428 1688 quaa
1450 1616 1548 1667 nunc
1565 1589 1839 1664 Muhammedan·

465 1737 569 1784 orum
595 1724 687 1785 sunt
741 1713 926 1786 Versuum
945 1711 1090 1784 ordines
1108 1709 1293 1784 incidendi
1315 1711 1515 1786 rationibus
1541 1727 1687 1786 coactus
1714 1709 1838 1784 mutavi.

403 1911 404 1915 ,
466 1833 609 1906 Primus
627 1845 665 1904 et
688 1830 868 1904 secundus
893 1855 1032 1904 summa
1059 1831 1284 1928 occupabant
1310 1831 1348 1903 in
1375 1830 1524 1928 longum
1553 1831 1710 1928 porrecti
1738 1831 1782 1904 ita
1806 1843 1839 1900 ut

465 1953 683 2050 singularem
702 1951 892 2024 efficerent.
943 1950 1049 2036 Dein,
1068 1948 1115 2022 ad
1135 1949 1263 2021 laevom
1281 1948 1452 2022 subibant
1469 1975 1524 2022 vv.
1545 1953 1577 2022 3.
1592 1953 1626 2022 4.
1642 1954 1675 2023 5.
1702 1949 1748 2022 ad
1767 1947 1837 2020 dex·

465 2086 567 2166 tram,
585 2085 716 2146 ornatu
734 2071 892 2167 quodam
911 2070 1071 2167 sculptili
1087 2070 1310 2167 interposito,
1326 2071 1357 2143 6.
1374 2072 1405 2141 7.
1422 2071 1453 2142 8.

542 2194 687 2268 Editam
705 2193 814 2267 video
831 2219 852 2267 a
869 2189 1047 2268 Bo'ckhio‘
1065 2193 1103 2265 in
1130 2191 1342 2264 minusculis
1368 2189 1582 2288 particulam
1599 2213 1726 2262 versus
1748 2185 1837 2266 tertii,

464 2305 741 2412 εοὶ1.”Ανθιμοο
769 2314 789 2391 ὁ
818 2305 1002 2415 πρόεδρος
1027 2306 1286 2413 Σκαμάνδρου,
1317 2316 1363 2390 de
1398 2341 1470 2414 qua
1502 2315 1674 2413 praefatur
1702 2341 1735 2388 v.
1756 2311 1838 2387 din

463 2441 649 2530 lemmate3
675 2437 724 2510 Ia
741 2437 894 2537 epistylio
912 2436 999 2510 inter
1009 2435 1207 2534 parielinae
1223 2435 1315 2510 Asai
1335 2449 1384 2510 est
1411 2435 1531 2509 titulus
1546 2435 1669 2511 litteris
1687 2431 1838 2538 inferioris

462 2559 576 2633 intotis
593 2558 743 2657 scriptus
765 2557 803 2631 in
825 2582 905 2656 quc,
924 2554 1059 2630 Huntio
1077 2569 1154 2630 teste
1180 2555 1218 2628 in
1236 2555 1376 2644 Diocle,
1397 2556 1468 2632 lzaec
1488 2555 1664 2644 hahentur,
1682 2570 1739 2632 etc.
1785 2555 1838 2626 Re·

463 2680 549 2775 ipsa‚
568 2669 796 2751 describendi
813 2676 1014 2748 molestiam
1030 2674 1213 2773 refugerat
1231 2677 1402 2765 Huntius,
1416 2701 1484 2751 nec
1495 2677 1680 2752 admiserit
1697 2679 1836 2753 chartam

467 2796 701 2870 madefactam
721 2793 928 2893 superficies
946 2794 1134 2868 marmoris
1152 2796 1252 2868 vario
1270 2811 1399 2871 ornatu
1416 2797 1602 2896 insculpta.

974 3014 1347 3054 *oetaeo

970 3191 1126 3266 ILIUM
1151 3191 1352 3270 NOVUM.

1065 3368 1264 3470 &erb-

1075 3558 1211 3635 CCVI.
1238 3585 1267 3634 a.

469 3719 679 3826 Ἀντωνίαν,
692 3725 761 3832 τὴν
776 3733 984 3838 ἀδελφιδῆν
998 3727 1067 3832 τὴν
1081 3737 1168 3812 θεοῦ
1187 3737 1400 3832 Σεβαστοῦ,
1420 3744 1577 3839 γυναῖκα
1597 3739 1637 3821 δὲ
1656 3741 1842 3845 γενομένην

467 3856 648 3963 Δρούσου
671 3861 876 3959 Κλαυδίου,
896 3871 968 3984 ,τοῦ
994 3864 1164 3971 ἀδελφοῦ
1182 3872 1249 3946 τοῦ
1268 3866 1543 3974 αὐτοκράτορος
1561 3876 1738 3979 Τιβερίου
1760 3877 1841 3967 Σεβ-

507 4049 519 4078 ‘
535 4043 567 4100 Si
580 4042 634 4100 hoc
647 4062 750 4101 verum
772 4045 811 4102 sit
824 4047 938 4123 egregie
951 4048 1156 4123 confirmatur,
1189 4071 1292 4110 nomen
1308 4051 1483 4135 Σκάμιιδρς,
1498 4056 1577 4132 quod
1597 4078 1614 4115 a
1629 4059 1725 4119 Plinio
1737 4060 1842 4119 effertur

468 4142 593 4218 suspicio
599 4141 754 4200 Villoisoni
768 4143 804 4201 de
817 4145 956 4221 oppidulo
964 4147 1139 4207 Scamandro
1189 4153 1381 4210 Scamandria
1396 4155 1437 4230 (v.
1457 4158 1506 4214 33.
1523 4152 1566 4230 2.)
1580 4167 1610 4215 et
1632 4159 1664 4218 in
1683 4161 1727 4219 tit
1747 4157 1842 4218 Bbclrlt

465 4243 554 4316 cujus
575 4241 708 4299 meminit
729 4241 878 4301 Bdckhius
906 4243 937 4303 in
963 4257 1036 4304 nott
1054 4248 1090 4305 ad
1107 4268 1136 4305 n.
1189 4249 1359 4330 Euripuslgu.
1952 4247 1953 4256 ¹

465 4339 554 4406 3597.
572 4359 598 4418 p.
619 4343 686 4399 884.
735 4341 874 4402 Constare
891 4361 1007 4420 quoque
1020 4345 1137 4404 videtur
1227 4347 1239 4388 f
1255 4351 1320 4425 Vol
1334 4367 1364 4408 rr.
1378 4370 1406 4428 p
1419 4350 1485 4415 871.
1500 4373 1528 4426 p.
1539 4355 1626 4418 3572.
