<?xml version="1.0" encoding="UTF-8"?>
<!DOCTYPE html PUBLIC "-//W3C//DTD XHTML 1.0 Transitional//EN"
    "http://www.w3.org/TR/xhtml1/DTD/xhtml1-transitional.dtd">
<html xmlns="http://www.w3.org/1999/xhtml" xml:lang="en" lang="en">
 <head>
  <title>
</title>
<meta http-equiv="Content-Type" content="text/html;charset=utf-8" />
  <meta name='ocr-system' content='tesseract 3.04.00' />
  <meta name='ocr-capabilities' content='ocr_page ocr_carea ocr_par ocr_line ocrx_word'/>
</head>
<body>
  <div class='ocr_page' id='page_1' title='image "./fasciculusinscr01kenngoog_0376.png"; bbox 0 0 3952 5238; ppageno 0'>
   <div class='ocr_carea' id='block_1_1' title="bbox 170 573 1559 660">
    <p class='ocr_par' dir='ltr' id='par_1_1' title="bbox 170 573 1559 660">
     <span class='ocr_line' id='line_1_1' title="bbox 170 573 1559 660; baseline 0.008 -22"><span class='ocrx_word' id='word_1_1' title='bbox 170 593 386 653; x_wconf 73' lang='lat' dir='ltr'>iraeneum,</span> <span class='ocrx_word' id='word_1_2' title='bbox 401 578 500 660; x_wconf 72' lang='lat' dir='ltr'>curu]</span> <span class='ocrx_word' id='word_1_3' title='bbox 804 573 931 642; x_wconf 87' lang='lat' dir='ltr'>TEOS.</span> <span class='ocrx_word' id='word_1_4' title='bbox 1497 586 1559 652; x_wconf 80' lang='lat'>357</span> 
     </span>
    </p>
   </div>
   <div class='ocr_carea' id='block_1_2' title="bbox 159 759 1556 1592">
    <p class='ocr_par' dir='ltr' id='par_1_2' title="bbox 166 759 1556 952">
     <span class='ocr_line' id='line_1_2' title="bbox 166 759 1556 850; baseline 0.008 -26"><span class='ocrx_word' id='word_1_5' title='bbox 166 759 331 825; x_wconf 74' lang='lat' dir='ltr'>iteratione</span> <span class='ocrx_word' id='word_1_6' title='bbox 344 761 536 846; x_wconf 75' lang='lat' dir='ltr'>ooqnominir,</span> <span class='ocrx_word' id='word_1_7' title='bbox 552 771 680 847; x_wconf 91' lang='lat' dir='ltr'>propter</span> <span class='ocrx_word' id='word_1_8' title='bbox 705 783 753 826; x_wconf 91' lang='lat' dir='ltr'>res</span> <span class='ocrx_word' id='word_1_9' title='bbox 778 761 924 847; x_wconf 84' lang='lat' dir='ltr'>praeclare</span> <span class='ocrx_word' id='word_1_10' title='bbox 947 775 1049 850; x_wconf 85' lang='lat' dir='ltr'>gestas</span> <span class='ocrx_word' id='word_1_11' title='bbox 1067 763 1102 828; x_wconf 91' lang='lat' dir='ltr'>in</span> <span class='ocrx_word' id='word_1_12' title='bbox 1117 763 1309 832; x_wconf 87' lang='lat' dir='ltr'>Mamitanie</span> <span class='ocrx_word' id='word_1_13' title='bbox 1328 779 1360 833; x_wconf 91' lang='lat' dir='ltr'>et</span> <span class='ocrx_word' id='word_1_14' title='bbox 1379 767 1556 850; x_wconf 78' lang='lat' dir='ltr'><strong>Britannia,</strong></span> 
     </span>
     <span class='ocr_line' id='line_1_3' title="bbox 167 863 1068 952; baseline -0.002 -20"><span class='ocrx_word' id='word_1_15' title='bbox 167 866 222 932; x_wconf 88' lang='lat' dir='ltr'>etsi</span> <span class='ocrx_word' id='word_1_16' title='bbox 238 889 340 952; x_wconf 90' lang='lat' dir='ltr'>neque</span> <span class='ocrx_word' id='word_1_17' title='bbox 354 867 389 930; x_wconf 93' lang='lat' dir='ltr'>in</span> <span class='ocrx_word' id='word_1_18' title='bbox 403 865 465 931; x_wconf 89' lang='lat' dir='ltr'>hoe</span> <span class='ocrx_word' id='word_1_19' title='bbox 478 888 582 950; x_wconf 89' lang='lat' dir='ltr'>neque</span> <span class='ocrx_word' id='word_1_20' title='bbox 593 864 690 930; x_wconf 86' lang='lat' dir='ltr'>altero</span> <span class='ocrx_word' id='word_1_21' title='bbox 703 863 788 930; x_wconf 89' lang='lat' dir='ltr'>bello</span> <span class='ocrx_word' id='word_1_22' title='bbox 802 863 869 952; x_wconf 91' lang='lat' dir='ltr'>ipse</span> <span class='ocrx_word' id='word_1_23' title='bbox 882 865 1068 932; x_wconf 81' lang='lat' dir='ltr'>interfuerit.</span> 
     </span>
    </p>

    <p class='ocr_par' dir='ltr' id='par_1_3' title="bbox 159 969 1553 1592">
     <span class='ocr_line' id='line_1_4' title="bbox 229 969 1553 1061; baseline 0.006 -25"><span class='ocrx_word' id='word_1_24' title='bbox 229 971 365 1037; x_wconf 79' lang='lat' dir='ltr'>Movent</span> <span class='ocrx_word' id='word_1_25' title='bbox 379 971 458 1036; x_wconf 91' lang='lat' dir='ltr'>mihi</span> <span class='ocrx_word' id='word_1_26' title='bbox 472 971 612 1037; x_wconf 89' lang='lat' dir='ltr'>maxime</span> <span class='ocrx_word' id='word_1_27' title='bbox 633 969 808 1036; x_wconf 76' lang='lat' dir='ltr'>molestiam</span> <span class='ocrx_word' id='word_1_28' title='bbox 830 971 1015 1050; x_wconf 84' lang='lat' dir='ltr'>numerales,</span> <span class='ocrx_word' id='word_1_29' title='bbox 1037 996 1170 1058; x_wconf 88' lang='lat' dir='ltr'>quorum</span> <span class='ocrx_word' id='word_1_30' title='bbox 1194 973 1314 1061; x_wconf 76' lang='lat' dir='ltr'>aliquot</span> <span class='ocrx_word' id='word_1_31' title='bbox 1336 991 1498 1044; x_wconf 88' lang='lat' dir='ltr'>servantur</span> <span class='ocrx_word' id='word_1_32' title='bbox 1519 980 1553 1044; x_wconf 91' lang='lat' dir='ltr'>in</span> 
     </span>
     <span class='ocr_line' id='line_1_5' title="bbox 159 1077 1552 1170; baseline 0.006 -28"><span class='ocrx_word' id='word_1_33' title='bbox 159 1105 196 1144; x_wconf 77' lang='lat' dir='ltr'>v.</span> <span class='ocrx_word' id='word_1_34' title='bbox 212 1081 242 1144; x_wconf 83' lang='grc'>6.</span> <span class='ocrx_word' id='word_1_35' title='bbox 287 1078 451 1144; x_wconf 86' lang='lat' dir='ltr'>Habemus</span> <span class='ocrx_word' id='word_1_36' title='bbox 466 1101 539 1144; x_wconf 87' lang='lat' dir='ltr'>sane</span> <span class='ocrx_word' id='word_1_37' title='bbox 553 1101 610 1166; x_wconf 92' lang='lat' dir='ltr'>pro</span> <span class='ocrx_word' id='word_1_38' title='bbox 625 1089 786 1166; x_wconf 86' lang='lat' dir='ltr'>comperto</span> <span class='ocrx_word' id='word_1_39' title='bbox 807 1077 977 1162; x_wconf 80' lang='lat' dir='ltr'>Claudium</span> <span class='ocrx_word' id='word_1_40' title='bbox 991 1093 1101 1144; x_wconf 87' lang='lat' dir='ltr'>natum</span> <span class='ocrx_word' id='word_1_41' title='bbox 1115 1079 1209 1146; x_wconf 86' lang='lat' dir='ltr'>fuisse</span> <span class='ocrx_word' id='word_1_42' title='bbox 1225 1081 1309 1169; x_wconf 85' lang='lat' dir='ltr'>apud</span> <span class='ocrx_word' id='word_1_43' title='bbox 1326 1082 1552 1170; x_wconf 86' lang='lat' dir='ltr'>Lugdunenses</span> 
     </span>
     <span class='ocr_line' id='line_1_6' title="bbox 164 1182 1552 1277; baseline 0.004 -26"><span class='ocrx_word' id='word_1_44' title='bbox 164 1185 277 1252; x_wconf 85' lang='lat' dir='ltr'>Galliae</span> <span class='ocrx_word' id='word_1_45' title='bbox 291 1184 326 1250; x_wconf 91' lang='lat' dir='ltr'>in</span> <span class='ocrx_word' id='word_1_46' title='bbox 340 1208 389 1250; x_wconf 87' lang='lat' dir='ltr'>an.</span> <span class='ocrx_word' id='word_1_47' title='bbox 405 1184 446 1250; x_wconf 90' lang='lat' dir='ltr'>U.</span> <span class='ocrx_word' id='word_1_48' title='bbox 458 1182 497 1253; x_wconf 87' lang='lat' dir='ltr'>O.</span> <span class='ocrx_word' id='word_1_49' title='bbox 515 1185 619 1250; x_wconf 55' lang='lat'>744³:</span> <span class='ocrx_word' id='word_1_50' title='bbox 634 1183 766 1272; x_wconf 89' lang='lat' dir='ltr'>proinde</span> <span class='ocrx_word' id='word_1_51' title='bbox 781 1206 880 1270; x_wconf 93' lang='lat' dir='ltr'>quum</span> <span class='ocrx_word' id='word_1_52' title='bbox 895 1201 1136 1272; x_wconf 84' lang='lat' dir='ltr'>componeretur</span> <span class='ocrx_word' id='word_1_53' title='bbox 1152 1185 1206 1252; x_wconf 90' lang='lat' dir='ltr'>hie</span> <span class='ocrx_word' id='word_1_54' title='bbox 1229 1187 1348 1266; x_wconf 90' lang='lat' dir='ltr'>titulus,</span> <span class='ocrx_word' id='word_1_55' title='bbox 1364 1188 1463 1277; x_wconf 81' lang='lat' dir='ltr'>egisse</span> <span class='ocrx_word' id='word_1_56' title='bbox 1479 1215 1552 1256; x_wconf 91' lang='lat' dir='ltr'>eum</span> 
     </span>
     <span class='ocr_line' id='line_1_7' title="bbox 163 1289 1551 1382; baseline 0.003 -24"><span class='ocrx_word' id='word_1_57' title='bbox 163 1315 282 1358; x_wconf 86' lang='lat' dir='ltr'>annum</span> <span class='ocrx_word' id='word_1_58' title='bbox 305 1289 403 1358; x_wconf 79' lang='lat' dir='ltr'>aetatis</span> <span class='ocrx_word' id='word_1_59' title='bbox 417 1289 657 1378; x_wconf 87' lang='lat' dir='ltr'>sexagesimum.</span> <span class='ocrx_word' id='word_1_60' title='bbox 705 1291 781 1356; x_wconf 90' lang='lat' dir='ltr'>Huc</span> <span class='ocrx_word' id='word_1_61' title='bbox 803 1290 931 1356; x_wconf 88' lang='lat' dir='ltr'>fortasse</span> <span class='ocrx_word' id='word_1_62' title='bbox 950 1290 1121 1379; x_wconf 87' lang='lat' dir='ltr'>respiciunt</span> <span class='ocrx_word' id='word_1_63' title='bbox 1145 1293 1329 1371; x_wconf 78' lang='lat' dir='ltr'>numerales,</span> <span class='ocrx_word' id='word_1_64' title='bbox 1344 1293 1371 1358; x_wconf 91' lang='lat' dir='ltr'>si</span> <span class='ocrx_word' id='word_1_65' title='bbox 1395 1297 1551 1382; x_wconf 86' lang='lat' dir='ltr'>conjicere</span> 
     </span>
     <span class='ocr_line' id='line_1_8' title="bbox 163 1397 1553 1484; baseline 0.005 -22"><span class='ocrx_word' id='word_1_66' title='bbox 163 1400 208 1464; x_wconf 81' lang='lat' dir='ltr'>ies</span> <span class='ocrx_word' id='word_1_67' title='bbox 221 1397 263 1463; x_wconf 91' lang='lat' dir='ltr'>sit</span> <span class='ocrx_word' id='word_1_68' title='bbox 276 1411 383 1464; x_wconf 85' lang='lat' dir='ltr'>notam</span> <span class='ocrx_word' id='word_1_69' title='bbox 398 1398 433 1462; x_wconf 92' lang='lat' dir='ltr'>X</span> <span class='ocrx_word' id='word_1_70' title='bbox 448 1397 542 1463; x_wconf 88' lang='lat' dir='ltr'>fuisse</span> <span class='ocrx_word' id='word_1_71' title='bbox 552 1397 587 1462; x_wconf 93' lang='lat' dir='ltr'>in</span> <span class='ocrx_word' id='word_1_72' title='bbox 602 1397 707 1484; x_wconf 85' lang='lat' dir='ltr'>aliquo</span> <span class='ocrx_word' id='word_1_73' title='bbox 722 1409 926 1462; x_wconf 86' lang='lat' dir='ltr'>monumento</span> <span class='ocrx_word' id='word_1_74' title='bbox 940 1421 1079 1484; x_wconf 84' lang='lat' dir='ltr'>unquam</span> <span class='ocrx_word' id='word_1_75' title='bbox 1094 1398 1186 1464; x_wconf 89' lang='lat' dir='ltr'>toties</span> <span class='ocrx_word' id='word_1_76' title='bbox 1200 1399 1363 1466; x_wconf 79' lang='lat' dir='ltr'>iteratam:</span> <span class='ocrx_word' id='word_1_77' title='bbox 1385 1425 1444 1468; x_wconf 91' lang='lat' dir='ltr'>nec</span> <span class='ocrx_word' id='word_1_78' title='bbox 1459 1404 1553 1469; x_wconf 90' lang='lat' dir='ltr'>credo</span> 
     </span>
     <span class='ocr_line' id='line_1_9' title="bbox 161 1503 1405 1592; baseline 0 -22"><span class='ocrx_word' id='word_1_79' title='bbox 161 1527 325 1571; x_wconf 86' lang='lat' dir='ltr'>consuesse</span> <span class='ocrx_word' id='word_1_80' title='bbox 337 1503 499 1571; x_wconf 89' lang='lat' dir='ltr'>titulorum</span> <span class='ocrx_word' id='word_1_81' title='bbox 514 1504 695 1592; x_wconf 88' lang='lat' dir='ltr'>hujusmodi</span> <span class='ocrx_word' id='word_1_82' title='bbox 711 1503 843 1570; x_wconf 78' lang='lat' dir='ltr'>artifices</span> <span class='ocrx_word' id='word_1_83' title='bbox 858 1517 963 1570; x_wconf 85' lang='lat' dir='ltr'>aetetes</span> <span class='ocrx_word' id='word_1_84' title='bbox 978 1503 1206 1592; x_wconf 88' lang='lat' dir='ltr'>Imperatorum</span> <span class='ocrx_word' id='word_1_85' title='bbox 1222 1504 1405 1572; x_wconf 89' lang='lat' dir='ltr'>immiscere.</span> 
     </span>
    </p>
   </div>
   <div class='ocr_carea' id='block_1_3' title="bbox 794 1744 913 1813">
    <p class='ocr_par' dir='ltr' id='par_1_4' title="bbox 794 1744 913 1813">
     <span class='ocr_line' id='line_1_10' title="bbox 794 1744 913 1813; baseline -0.008 -2"><span class='ocrx_word' id='word_1_86' title='bbox 794 1744 913 1813; x_wconf 88' lang='lat' dir='ltr'>CLIV.</span> 
     </span>
    </p>
   </div>
   <div class='ocr_carea' id='block_1_4' title="bbox 157 1894 1551 3885">
    <p class='ocr_par' dir='ltr' id='par_1_5' title="bbox 163 1894 1551 2202">
     <span class='ocr_line' id='line_1_11' title="bbox 227 1894 1551 1990; baseline 0.006 -30"><span class='ocrx_word' id='word_1_87' title='bbox 227 1894 346 1961; x_wconf 89' lang='lat' dir='ltr'>Titulis</span> <span class='ocrx_word' id='word_1_88' title='bbox 368 1895 408 1962; x_wconf 89' lang='lat' dir='ltr'>de</span> <span class='ocrx_word' id='word_1_89' title='bbox 431 1897 593 1963; x_wconf 88' lang='lat' dir='ltr'>sanctitate</span> <span class='ocrx_word' id='word_1_90' title='bbox 619 1908 652 1962; x_wconf 87' lang='lat' dir='ltr'>et</span> <span class='ocrx_word' id='word_1_91' title='bbox 676 1897 774 1987; x_wconf 87' lang='lat' dir='ltr'>asylia</span> <span class='ocrx_word' id='word_1_92' title='bbox 788 1898 940 1964; x_wconf 87' lang='lat' dir='ltr'>Teiorum</span> <span class='ocrx_word' id='word_1_93' title='bbox 954 1899 1092 1966; x_wconf 89' lang='lat' dir='ltr'>civitatis</span> <span class='ocrx_word' id='word_1_94' title='bbox 1106 1900 1296 1990; x_wconf 75' lang='lat' dir='ltr'>praefigenda</span> <span class='ocrx_word' id='word_1_95' title='bbox 1312 1901 1393 1966; x_wconf 87' lang='lat' dir='ltr'>duxi</span> <span class='ocrx_word' id='word_1_96' title='bbox 1408 1903 1551 1988; x_wconf 78' lang='lat' dir='ltr'>quaedem</span> 
     </span>
     <span class='ocr_line' id='line_1_12' title="bbox 164 2000 1550 2098; baseline 0.008 -33"><span class='ocrx_word' id='word_1_97' title='bbox 164 2023 205 2065; x_wconf 83' lang='lat' dir='ltr'>ex</span> <span class='ocrx_word' id='word_1_98' title='bbox 219 2000 374 2067; x_wconf 78' lang='lat' dir='ltr'>historicis</span> <span class='ocrx_word' id='word_1_99' title='bbox 388 2001 422 2066; x_wconf 93' lang='lat' dir='ltr'>in</span> <span class='ocrx_word' id='word_1_100' title='bbox 437 2001 547 2090; x_wconf 91' lang='lat' dir='ltr'>primis</span> <span class='ocrx_word' id='word_1_101' title='bbox 561 2002 660 2090; x_wconf 85' lang='lat' dir='ltr'>petita</span> <span class='ocrx_word' id='word_1_102' title='bbox 674 2003 714 2096; x_wconf 74' lang='lat' dir='ltr'>ed</span> <span class='ocrx_word' id='word_1_103' title='bbox 726 2003 880 2093; x_wconf 83' lang='lat' dir='ltr'>originem</span> <span class='ocrx_word' id='word_1_104' title='bbox 894 2028 1005 2092; x_wconf 88' lang='lat' dir='ltr'>resque</span> <span class='ocrx_word' id='word_1_105' title='bbox 1019 2018 1120 2096; x_wconf 89' lang='lat' dir='ltr'>gestas</span> <span class='ocrx_word' id='word_1_106' title='bbox 1135 2019 1167 2073; x_wconf 88' lang='lat' dir='ltr'>et</span> <span class='ocrx_word' id='word_1_107' title='bbox 1177 2008 1250 2094; x_wconf 89' lang='lat' dir='ltr'>jura</span> <span class='ocrx_word' id='word_1_108' title='bbox 1263 2009 1461 2097; x_wconf 87' lang='lat' dir='ltr'>pertinentia,</span> <span class='ocrx_word' id='word_1_109' title='bbox 1471 2035 1550 2098; x_wconf 87' lang='lat' dir='ltr'>quae,</span> 
     </span>
     <span class='ocr_line' id='line_1_13' title="bbox 163 2101 1306 2202; baseline 0.009 -32"><span class='ocrx_word' id='word_1_110' title='bbox 163 2101 478 2196; x_wconf 71' lang='lat' dir='ltr'>maximam&#39;partem,</span> <span class='ocrx_word' id='word_1_111' title='bbox 494 2109 709 2176; x_wconf 90' lang='lat' dir='ltr'>commentarii</span> <span class='ocrx_word' id='word_1_112' title='bbox 723 2110 821 2178; x_wconf 79' lang='lat' dir='ltr'>instar</span> <span class='ocrx_word' id='word_1_113' title='bbox 834 2113 997 2198; x_wconf 87' lang='lat' dir='ltr'>sequentia</span> <span class='ocrx_word' id='word_1_114' title='bbox 1010 2113 1164 2181; x_wconf 84' lang='lat' dir='ltr'>illustrare</span> <span class='ocrx_word' id='word_1_115' title='bbox 1178 2115 1306 2202; x_wconf 90' lang='lat' dir='ltr'>possint.</span> 
     </span>
    </p>

    <p class='ocr_par' dir='ltr' id='par_1_6' title="bbox 160 2211 1551 3125">
     <span class='ocr_line' id='line_1_14' title="bbox 226 2211 1550 2303; baseline 0.005 -26"><span class='ocrx_word' id='word_1_116' title='bbox 226 2211 341 2277; x_wconf 88' lang='lat' dir='ltr'>Ortum</span> <span class='ocrx_word' id='word_1_117' title='bbox 377 2213 480 2301; x_wconf 90' lang='lat' dir='ltr'>gentis</span> <span class='ocrx_word' id='word_1_118' title='bbox 511 2217 562 2296; x_wconf 91' lang='lat' dir='ltr'>(ut</span> <span class='ocrx_word' id='word_1_119' title='bbox 592 2213 732 2302; x_wconf 84' lang='lat' dir='ltr'>mythice</span> <span class='ocrx_word' id='word_1_120' title='bbox 756 2215 960 2302; x_wconf 87' lang='lat' dir='ltr'>posthabeam</span> <span class='ocrx_word' id='word_1_121' title='bbox 993 2239 1073 2302; x_wconf 85' lang='lat' dir='ltr'>quae,</span> <span class='ocrx_word' id='word_1_122' title='bbox 1102 2239 1167 2281; x_wconf 92' lang='lat' dir='ltr'>non</span> <span class='ocrx_word' id='word_1_123' title='bbox 1195 2216 1300 2282; x_wconf 87' lang='lat' dir='ltr'>minus</span> <span class='ocrx_word' id='word_1_124' title='bbox 1326 2241 1421 2303; x_wconf 88' lang='lat' dir='ltr'>quarn</span> <span class='ocrx_word' id='word_1_125' title='bbox 1450 2219 1550 2284; x_wconf 89' lang='lat' dir='ltr'>vicini</span> 
     </span>
     <span class='ocr_line' id='line_1_15' title="bbox 163 2318 1550 2412; baseline 0.006 -30"><span class='ocrx_word' id='word_1_126' title='bbox 163 2318 304 2408; x_wconf 81' lang='lat' dir='ltr'>Ephesii,</span> <span class='ocrx_word' id='word_1_127' title='bbox 325 2321 550 2388; x_wconf 86' lang='lat' dir='ltr'>arcessiverunt</span> <span class='ocrx_word' id='word_1_128' title='bbox 573 2321 608 2387; x_wconf 93' lang='lat' dir='ltr'>in</span> <span class='ocrx_word' id='word_1_129' title='bbox 631 2321 780 2388; x_wconf 78' lang='lat' dir='ltr'>nummis¹</span> <span class='ocrx_word' id='word_1_130' title='bbox 801 2321 888 2406; x_wconf 90' lang='lat' dir='ltr'>Teii)</span> <span class='ocrx_word' id='word_1_131' title='bbox 904 2323 1037 2388; x_wconf 82' lang='lat' dir='ltr'>traditur</span> <span class='ocrx_word' id='word_1_132' title='bbox 1051 2347 1070 2388; x_wconf 94' lang='lat' dir='ltr'>a</span> <span class='ocrx_word' id='word_1_133' title='bbox 1084 2322 1248 2389; x_wconf 78' lang='lat' dir='ltr'>Peusnnia’</span> <span class='ocrx_word' id='word_1_134' title='bbox 1261 2322 1355 2388; x_wconf 87' lang='lat' dir='ltr'>fuisse</span> <span class='ocrx_word' id='word_1_135' title='bbox 1369 2347 1412 2390; x_wconf 85' lang='lat' dir='ltr'>ex</span> <span class='ocrx_word' id='word_1_136' title='bbox 1428 2324 1550 2412; x_wconf 87' lang='lat' dir='ltr'>Minyis</span> 
     </span>
     <span class='ocr_line' id='line_1_16' title="bbox 163 2425 1549 2516; baseline 0.001 -23"><span class='ocrx_word' id='word_1_137' title='bbox 163 2427 383 2493; x_wconf 87' lang='lat' dir='ltr'>Orchomeniis</span> <span class='ocrx_word' id='word_1_138' title='bbox 407 2429 447 2494; x_wconf 89' lang='lat' dir='ltr'>ab</span> <span class='ocrx_word' id='word_1_139' title='bbox 461 2427 655 2492; x_wconf 89' lang='lat' dir='ltr'>Athamante</span> <span class='ocrx_word' id='word_1_140' title='bbox 680 2425 791 2493; x_wconf 88' lang='lat' dir='ltr'>ductis.</span> <span class='ocrx_word' id='word_1_141' title='bbox 835 2425 883 2490; x_wconf 91' lang='lat' dir='ltr'>Hi</span> <span class='ocrx_word' id='word_1_142' title='bbox 897 2426 1056 2492; x_wconf 84' lang='lat' dir='ltr'>AEolidae:</span> <span class='ocrx_word' id='word_1_143' title='bbox 1079 2425 1195 2493; x_wconf 89' lang='lat' dir='ltr'>deiude</span> <span class='ocrx_word' id='word_1_144' title='bbox 1219 2450 1294 2492; x_wconf 86' lang='lat' dir='ltr'>vero</span> <span class='ocrx_word' id='word_1_145' title='bbox 1318 2427 1549 2516; x_wconf 88' lang='lat' dir='ltr'>immigrarunt,</span> 
     </span>
     <span class='ocr_line' id='line_1_17' title="bbox 162 2527 1551 2618; baseline 0.004 -25"><span class='ocrx_word' id='word_1_146' title='bbox 162 2529 242 2594; x_wconf 91' lang='lat' dir='ltr'>duce</span> <span class='ocrx_word' id='word_1_147' title='bbox 252 2529 386 2617; x_wconf 85' lang='lat' dir='ltr'>Apoeco,</span> <span class='ocrx_word' id='word_1_148' title='bbox 402 2529 503 2608; x_wconf 89' lang='lat' dir='ltr'>Iones,</span> <span class='ocrx_word' id='word_1_149' title='bbox 518 2541 551 2594; x_wconf 92' lang='lat' dir='ltr'>et</span> <span class='ocrx_word' id='word_1_150' title='bbox 564 2551 629 2593; x_wconf 94' lang='lat' dir='ltr'>non</span> <span class='ocrx_word' id='word_1_151' title='bbox 643 2527 750 2592; x_wconf 86' lang='lat' dir='ltr'>multis</span> <span class='ocrx_word' id='word_1_152' title='bbox 772 2527 861 2592; x_wconf 86' lang='lat' dir='ltr'>annis</span> <span class='ocrx_word' id='word_1_153' title='bbox 886 2541 957 2616; x_wconf 87' lang='lat' dir='ltr'>post</span> <span class='ocrx_word' id='word_1_154' title='bbox 975 2529 1196 2608; x_wconf 86' lang='lat' dir='ltr'>Athenienses,</span> <span class='ocrx_word' id='word_1_155' title='bbox 1211 2530 1389 2618; x_wconf 87' lang='lat' dir='ltr'>auspicibus</span> <span class='ocrx_word' id='word_1_156' title='bbox 1405 2533 1551 2598; x_wconf 86' lang='lat' dir='ltr'>Codridis</span> 
     </span>
     <span class='ocr_line' id='line_1_18' title="bbox 162 2633 1550 2720; baseline 0.004 -22"><span class='ocrx_word' id='word_1_157' title='bbox 162 2633 298 2700; x_wconf 85' lang='lat' dir='ltr'>Damaso</span> <span class='ocrx_word' id='word_1_158' title='bbox 321 2647 354 2701; x_wconf 90' lang='lat' dir='ltr'>et</span> <span class='ocrx_word' id='word_1_159' title='bbox 376 2633 509 2714; x_wconf 91' lang='lat' dir='ltr'>Nauclo,</span> <span class='ocrx_word' id='word_1_160' title='bbox 533 2634 699 2720; x_wconf 78' lang='lat' dir='ltr'>Boeotique</span> <span class='ocrx_word' id='word_1_161' title='bbox 723 2634 781 2699; x_wconf 89' lang='lat' dir='ltr'>sub</span> <span class='ocrx_word' id='word_1_162' title='bbox 801 2633 894 2700; x_wconf 81' lang='lat' dir='ltr'>Gera.</span> <span class='ocrx_word' id='word_1_163' title='bbox 942 2633 1022 2700; x_wconf 84' lang='lat' dir='ltr'>Haec</span> <span class='ocrx_word' id='word_1_164' title='bbox 1043 2647 1076 2701; x_wconf 90' lang='lat' dir='ltr'>et</span> <span class='ocrx_word' id='word_1_165' title='bbox 1098 2659 1117 2702; x_wconf 92' lang='lat' dir='ltr'>a</span> <span class='ocrx_word' id='word_1_166' title='bbox 1143 2635 1306 2702; x_wconf 77' lang='lat' dir='ltr'>Strabonet</span> <span class='ocrx_word' id='word_1_167' title='bbox 1328 2653 1550 2716; x_wconf 87' lang='lat' dir='ltr'>memorantur,</span> 
     </span>
     <span class='ocr_line' id='line_1_19' title="bbox 162 2739 1549 2830; baseline 0.006 -25"><span class='ocrx_word' id='word_1_168' title='bbox 162 2739 270 2805; x_wconf 88' lang='lat' dir='ltr'>ordine</span> <span class='ocrx_word' id='word_1_169' title='bbox 284 2763 360 2807; x_wconf 83' lang='lat' dir='ltr'>vero</span> <span class='ocrx_word' id='word_1_170' title='bbox 374 2741 561 2818; x_wconf 82' lang='lat' dir='ltr'>immutet03</span> <span class='ocrx_word' id='word_1_171' title='bbox 584 2745 649 2808; x_wconf 74' lang='grc' dir='ltr'>Τέω</span> <span class='ocrx_word' id='word_1_172' title='bbox 665 2739 696 2809; x_wconf 77' lang='grc' dir='ltr'>δὲ</span> <span class='ocrx_word' id='word_1_173' title='bbox 707 2739 849 2826; x_wconf 77' lang='grc' dir='ltr'>Ἀθάμας</span> <span class='ocrx_word' id='word_1_174' title='bbox 868 2746 924 2822; x_wconf 73' lang='grc' dir='ltr'>μὲν</span> <span class='ocrx_word' id='word_1_175' title='bbox 946 2745 1103 2828; x_wconf 80' lang='grc' dir='ltr'>πρότερον</span> <span class='ocrx_word' id='word_1_176' title='bbox 1123 2741 1179 2830; x_wconf 84' lang='lat' dir='ltr'>(sc.</span> <span class='ocrx_word' id='word_1_177' title='bbox 1197 2743 1316 2826; x_wconf 71' lang='grc' dir='ltr'>κτίζει),</span> <span class='ocrx_word' id='word_1_178' title='bbox 1333 2743 1441 2830; x_wconf 79' lang='grc' dir='ltr'>διόπερ</span> <span class='ocrx_word' id='word_1_179' title='bbox 1456 2745 1549 2814; x_wconf 84' lang='grc' dir='ltr'>Ἀθα-</span> 
     </span>
     <span class='ocr_line' id='line_1_20' title="bbox 160 2843 1550 2933; baseline 0.004 -19"><span class='ocrx_word' id='word_1_180' title='bbox 160 2845 292 2930; x_wconf 66' lang='lat' dir='ltr'>pavatio</span> <span class='ocrx_word' id='word_1_181' title='bbox 316 2847 404 2914; x_wconf 74' lang='grc' dir='ltr'>καλεῖ</span> <span class='ocrx_word' id='word_1_182' title='bbox 418 2848 516 2925; x_wconf 79' lang='grc' dir='ltr'>αὐτὴν</span> <span class='ocrx_word' id='word_1_183' title='bbox 531 2847 719 2933; x_wconf 74' lang='grc' dir='ltr'><em>Ἀνακρέων,</em></span> <span class='ocrx_word' id='word_1_184' title='bbox 742 2847 817 2914; x_wconf 75' lang='grc' dir='ltr'>κατὰ</span> <span class='ocrx_word' id='word_1_185' title='bbox 842 2843 873 2914; x_wconf 75' lang='grc' dir='ltr'>δὲ</span> <span class='ocrx_word' id='word_1_186' title='bbox 894 2849 952 2924; x_wconf 80' lang='grc' dir='ltr'>τὴν</span> <span class='ocrx_word' id='word_1_187' title='bbox 965 2847 1106 2925; x_wconf 84' lang='grc' dir='ltr'>Ἰωνικὴν</span> <span class='ocrx_word' id='word_1_188' title='bbox 1126 2849 1281 2926; x_wconf 75' lang='grc' dir='ltr'>ἀποικίαν,</span> <span class='ocrx_word' id='word_1_189' title='bbox 1305 2851 1452 2928; x_wconf 84' lang='grc' dir='ltr'>Ναῦκλος</span> <span class='ocrx_word' id='word_1_190' title='bbox 1480 2855 1550 2930; x_wconf 77' lang='grc' dir='ltr'>υἱὸς</span> 
     </span>
     <span class='ocr_line' id='line_1_21' title="bbox 161 2949 1550 3044; baseline 0.004 -25"><span class='ocrx_word' id='word_1_191' title='bbox 161 2949 290 3038; x_wconf 74' lang='grc' dir='ltr'>Κόδρου</span> <span class='ocrx_word' id='word_1_192' title='bbox 314 2951 424 3030; x_wconf 81' lang='grc' dir='ltr'><strong><em>νόθος,</em></strong></span> <span class='ocrx_word' id='word_1_193' title='bbox 445 2958 494 3020; x_wconf 78' lang='grc' dir='ltr'>καὶ</span> <span class='ocrx_word' id='word_1_194' title='bbox 517 2953 591 3036; x_wconf 80' lang='grc' dir='ltr'>μετὰ</span> <span class='ocrx_word' id='word_1_195' title='bbox 611 2957 723 3021; x_wconf 79' lang='grc' dir='ltr'>τοῦτον</span> <span class='ocrx_word' id='word_1_196' title='bbox 732 2951 887 3029; x_wconf 77' lang='grc' dir='ltr'>’Ἄποικος</span> <span class='ocrx_word' id='word_1_197' title='bbox 902 2959 951 3020; x_wconf 80' lang='grc' dir='ltr'>καὶ</span> <span class='ocrx_word' id='word_1_198' title='bbox 968 2955 1131 3037; x_wconf 80' lang='grc' dir='ltr'>Δάμασος,</span> <span class='ocrx_word' id='word_1_199' title='bbox 1147 2952 1320 3032; x_wconf 81' lang='grc' dir='ltr'>Ἀθηναῖοι,</span> <span class='ocrx_word' id='word_1_200' title='bbox 1339 2962 1387 3022; x_wconf 77' lang='grc' dir='ltr'>καὶ</span> <span class='ocrx_word' id='word_1_201' title='bbox 1402 2961 1503 3044; x_wconf 76' lang='grc' dir='ltr'>Γέρης</span> <span class='ocrx_word' id='word_1_202' title='bbox 1518 2962 1550 3025; x_wconf 83' lang='grc' dir='ltr'>ἐκ</span> 
     </span>
     <span class='ocr_line' id='line_1_22' title="bbox 164 3063 320 3125; baseline 0.006 -1"><span class='ocrx_word' id='word_1_203' title='bbox 164 3063 320 3125; x_wconf 80' lang='grc' dir='ltr'>Βοιωτῶν.</span> 
     </span>
    </p>

    <p class='ocr_par' dir='ltr' id='par_1_7' title="bbox 157 3155 1547 3562">
     <span class='ocr_line' id='line_1_23' title="bbox 223 3155 1545 3251; baseline 0.002 -25"><span class='ocrx_word' id='word_1_204' title='bbox 223 3161 296 3228; x_wconf 89' lang='lat' dir='ltr'>Teii</span> <span class='ocrx_word' id='word_1_205' title='bbox 311 3184 383 3226; x_wconf 91' lang='lat' dir='ltr'>cum</span> <span class='ocrx_word' id='word_1_206' title='bbox 398 3158 509 3225; x_wconf 88' lang='lat' dir='ltr'>ceteris</span> <span class='ocrx_word' id='word_1_207' title='bbox 523 3157 620 3223; x_wconf 89' lang='lat' dir='ltr'>Ioniae</span> <span class='ocrx_word' id='word_1_208' title='bbox 638 3155 748 3222; x_wconf 92' lang='lat' dir='ltr'>incolis</span> <span class='ocrx_word' id='word_1_209' title='bbox 770 3157 805 3221; x_wconf 91' lang='lat' dir='ltr'>in</span> <span class='ocrx_word' id='word_1_210' title='bbox 828 3155 991 3223; x_wconf 86' lang='lat' dir='ltr'>servitium</span> <span class='ocrx_word' id='word_1_211' title='bbox 1006 3159 1124 3225; x_wconf 86' lang='lat' dir='ltr'>redacti</span> <span class='ocrx_word' id='word_1_212' title='bbox 1139 3162 1266 3226; x_wconf 78' lang='lat' dir='ltr'>suntab</span> <span class='ocrx_word' id='word_1_213' title='bbox 1283 3160 1443 3251; x_wconf 80' lang='lat' dir='ltr'>Herpego,</span> <span class='ocrx_word' id='word_1_214' title='bbox 1460 3165 1545 3250; x_wconf 91' lang='lat' dir='ltr'>quod</span> 
     </span>
     <span class='ocr_line' id='line_1_24' title="bbox 160 3263 1546 3354; baseline 0 -20"><span class='ocrx_word' id='word_1_215' title='bbox 160 3269 287 3334; x_wconf 87' lang='lat' dir='ltr'>demum</span> <span class='ocrx_word' id='word_1_216' title='bbox 310 3289 390 3354; x_wconf 89' lang='lat' dir='ltr'>aegre</span> <span class='ocrx_word' id='word_1_217' title='bbox 416 3264 548 3330; x_wconf 87' lang='lat' dir='ltr'>ferentes</span> <span class='ocrx_word' id='word_1_218' title='bbox 562 3263 647 3328; x_wconf 86' lang='lat' dir='ltr'>cives</span> <span class='ocrx_word' id='word_1_219' title='bbox 670 3264 710 3328; x_wconf 87' lang='lat' dir='ltr'>eb</span> <span class='ocrx_word' id='word_1_220' title='bbox 729 3264 807 3328; x_wconf 87' lang='lat' dir='ltr'>urbe</span> <span class='ocrx_word' id='word_1_221' title='bbox 821 3263 951 3349; x_wconf 81' lang='lat' dir='ltr'>antique</span> <span class='ocrx_word' id='word_1_222' title='bbox 964 3264 1130 3332; x_wconf 85' lang='lat' dir='ltr'>discedunt</span> <span class='ocrx_word' id='word_1_223' title='bbox 1140 3267 1365 3352; x_wconf 82' lang='lat' dir='ltr'>Abderamque</span> <span class='ocrx_word' id='word_1_224' title='bbox 1381 3269 1546 3334; x_wconf 71' lang='lat' dir='ltr'>conduntu.</span> 
     </span>
     <span class='ocr_line' id='line_1_25' title="bbox 158 3365 1547 3464; baseline 0.002 -27"><span class='ocrx_word' id='word_1_225' title='bbox 158 3371 248 3437; x_wconf 86' lang='lat' dir='ltr'>Hinc</span> <span class='ocrx_word' id='word_1_226' title='bbox 274 3385 385 3436; x_wconf 92' lang='lat' dir='ltr'>notum</span> <span class='ocrx_word' id='word_1_227' title='bbox 408 3366 610 3456; x_wconf 81' lang='lat' dir='ltr'>proverbium</span> <span class='ocrx_word' id='word_1_228' title='bbox 628 3365 711 3432; x_wconf 90' lang='lat' dir='ltr'>inter</span> <span class='ocrx_word' id='word_1_229' title='bbox 727 3365 863 3445; x_wconf 86' lang='lat' dir='ltr'>Graecos,</span> <span class='ocrx_word' id='word_1_230' title='bbox 879 3367 919 3432; x_wconf 86' lang='lat' dir='ltr'>ad</span> <span class='ocrx_word' id='word_1_231' title='bbox 933 3367 1156 3435; x_wconf 77' lang='lat' dir='ltr'>declarandum</span> <span class='ocrx_word' id='word_1_232' title='bbox 1169 3394 1234 3436; x_wconf 92' lang='lat' dir='ltr'>non</span> <span class='ocrx_word' id='word_1_233' title='bbox 1249 3371 1354 3437; x_wconf 87' lang='lat' dir='ltr'>deesse</span> <span class='ocrx_word' id='word_1_234' title='bbox 1369 3375 1547 3464; x_wconf 86' lang='lat' dir='ltr'>perfugium</span> 
     </span>
     <span class='ocr_line' id='line_1_26' title="bbox 157 3473 1004 3562; baseline -0.005 -18"><span class='ocrx_word' id='word_1_235' title='bbox 157 3481 193 3544; x_wconf 72' lang='lat' dir='ltr'>‘in</span> <span class='ocrx_word' id='word_1_236' title='bbox 208 3479 302 3545; x_wconf 85' lang='lat' dir='ltr'>rebus</span> <span class='ocrx_word' id='word_1_237' title='bbox 315 3475 462 3552; x_wconf 88' lang='lat' dir='ltr'>molestis,</span> <span class='ocrx_word' id='word_1_238' title='bbox 471 3473 622 3562; x_wconf 74' lang='grc' dir='ltr'>’Ἄβδηρα</span> <span class='ocrx_word' id='word_1_239' title='bbox 637 3475 717 3552; x_wconf 81' lang='grc' dir='ltr'>καλὴ</span> <span class='ocrx_word' id='word_1_240' title='bbox 733 3473 839 3553; x_wconf 75' lang='grc' dir='ltr'>Τηῗων</span> <span class='ocrx_word' id='word_1_241' title='bbox 855 3476 1004 3545; x_wconf 73' lang='lat' dir='ltr'>duotxiu&#39;.</span> 
     </span>
    </p>

    <p class='ocr_par' dir='ltr' id='par_1_8' title="bbox 159 3581 1544 3885">
     <span class='ocr_line' id='line_1_27' title="bbox 224 3581 1544 3664; baseline -0.001 -13"><span class='ocrx_word' id='word_1_242' title='bbox 224 3585 320 3651; x_wconf 88' lang='lat' dir='ltr'>Teios</span> <span class='ocrx_word' id='word_1_243' title='bbox 334 3597 367 3650; x_wconf 89' lang='lat' dir='ltr'>ct</span> <span class='ocrx_word' id='word_1_244' title='bbox 380 3597 533 3650; x_wconf 88' lang='lat' dir='ltr'>memorat</span> <span class='ocrx_word' id='word_1_245' title='bbox 551 3581 749 3648; x_wconf 69' lang='lat' dir='ltr'>Herodotus*</span> <span class='ocrx_word' id='word_1_246' title='bbox 764 3581 799 3647; x_wconf 89' lang='lat' dir='ltr'>in</span> <span class='ocrx_word' id='word_1_247' title='bbox 813 3584 882 3650; x_wconf 91' lang='lat' dir='ltr'>loeo</span> <span class='ocrx_word' id='word_1_248' title='bbox 904 3583 961 3650; x_wconf 92' lang='lat' dir='ltr'>ubi</span> <span class='ocrx_word' id='word_1_249' title='bbox 982 3585 1172 3650; x_wconf 89' lang='lat' dir='ltr'>consortium</span> <span class='ocrx_word' id='word_1_250' title='bbox 1186 3608 1295 3650; x_wconf 90' lang='lat' dir='ltr'>eorum</span> <span class='ocrx_word' id='word_1_251' title='bbox 1316 3609 1388 3651; x_wconf 89' lang='lat' dir='ltr'>eum</span> <span class='ocrx_word' id='word_1_252' title='bbox 1405 3585 1544 3664; x_wconf 89' lang='lat' dir='ltr'>Ionibus,</span> 
     </span>
     <span class='ocr_line' id='line_1_28' title="bbox 159 3686 1543 3769; baseline -0.003 -10"><span class='ocrx_word' id='word_1_253' title='bbox 159 3693 224 3760; x_wconf 90' lang='lat' dir='ltr'>scil.</span> <span class='ocrx_word' id='word_1_254' title='bbox 241 3691 340 3769; x_wconf 84' lang='lat' dir='ltr'>Chiis,</span> <span class='ocrx_word' id='word_1_255' title='bbox 361 3688 611 3767; x_wconf 85' lang='lat' dir='ltr'>Phocaeensibus,</span> <span class='ocrx_word' id='word_1_256' title='bbox 628 3701 661 3754; x_wconf 91' lang='lat' dir='ltr'>et</span> <span class='ocrx_word' id='word_1_257' title='bbox 682 3686 899 3766; x_wconf 85' lang='lat' dir='ltr'>Clazomeniis,</span> <span class='ocrx_word' id='word_1_258' title='bbox 915 3712 1039 3755; x_wconf 92' lang='lat' dir='ltr'>necnon</span> <span class='ocrx_word' id='word_1_259' title='bbox 1054 3713 1127 3755; x_wconf 91' lang='lat' dir='ltr'>cum</span> <span class='ocrx_word' id='word_1_260' title='bbox 1149 3689 1288 3757; x_wconf 89' lang='lat' dir='ltr'>Doribus</span> <span class='ocrx_word' id='word_1_261' title='bbox 1303 3689 1418 3768; x_wconf 88' lang='lat' dir='ltr'>Rhodi,</span> <span class='ocrx_word' id='word_1_262' title='bbox 1436 3691 1543 3768; x_wconf 91' lang='lat' dir='ltr'>Gnidi,</span> 
     </span>
     <span class='ocr_line' id='line_1_29' title="bbox 160 3793 1544 3885; baseline -0.005 -19"><span class='ocrx_word' id='word_1_263' title='bbox 160 3797 380 3875; x_wconf 82' lang='lat' dir='ltr'>Halicarnasai,</span> <span class='ocrx_word' id='word_1_264' title='bbox 397 3796 579 3874; x_wconf 60' lang='lat' dir='ltr'>Phaselide,</span> <span class='ocrx_word' id='word_1_265' title='bbox 591 3793 801 3882; x_wconf 87' lang='lat' dir='ltr'>AEolibusque</span> <span class='ocrx_word' id='word_1_266' title='bbox 821 3795 985 3885; x_wconf 85' lang='lat' dir='ltr'>Mitylenae</span> <span class='ocrx_word' id='word_1_267' title='bbox 1004 3809 1108 3862; x_wconf 90' lang='lat' dir='ltr'>narrat</span> <span class='ocrx_word' id='word_1_268' title='bbox 1124 3797 1158 3861; x_wconf 92' lang='lat' dir='ltr'>in</span> <span class='ocrx_word' id='word_1_269' title='bbox 1173 3797 1363 3864; x_wconf 84' lang='lat' dir='ltr'>exstruendo</span> <span class='ocrx_word' id='word_1_270' title='bbox 1377 3796 1495 3884; x_wconf 88' lang='lat' dir='ltr'>templo</span> <span class='ocrx_word' id='word_1_271' title='bbox 1510 3796 1544 3859; x_wconf 93' lang='lat' dir='ltr'>in</span> 
     </span>
    </p>
   </div>
   <div class='ocr_carea' id='block_1_5' title="bbox 157 4042 1539 4193">
    <p class='ocr_par' dir='ltr' id='par_1_9' title="bbox 157 4042 1539 4193">
     <span class='ocr_line' id='line_1_30' title="bbox 187 4042 1474 4106; baseline 0 -16"><span class='ocrx_word' id='word_1_272' title='bbox 187 4057 199 4090; x_wconf 80' lang='grc' dir='ltr'>ι</span> <span class='ocrx_word' id='word_1_273' title='bbox 216 4047 282 4096; x_wconf 81' lang='lat' dir='ltr'>cont.</span> <span class='ocrx_word' id='word_1_274' title='bbox 296 4045 364 4093; x_wconf 82' lang='lat' dir='ltr'>Dion</span> <span class='ocrx_word' id='word_1_275' title='bbox 374 4057 414 4091; x_wconf 82' lang='grc' dir='ltr'>ιιι.</span> <span class='ocrx_word' id='word_1_276' title='bbox 424 4047 446 4092; x_wconf 81' lang='lat' dir='ltr'>t.</span> <span class='ocrx_word' id='word_1_277' title='bbox 475 4043 567 4092; x_wconf 82' lang='lat' dir='ltr'>sueton</span> <span class='ocrx_word' id='word_1_278' title='bbox 584 4042 665 4092; x_wconf 79' lang='lat' dir='ltr'>claud</span> <span class='ocrx_word' id='word_1_279' title='bbox 679 4056 706 4090; x_wconf 92' lang='grc' dir='ltr'>ιι.</span> <span class='ocrx_word' id='word_1_280' title='bbox 730 4043 824 4092; x_wconf 71' lang='lat' dir='ltr'>Faekhet</span> <span class='ocrx_word' id='word_1_281' title='bbox 908 4051 919 4076; x_wconf 84' lang='lat'>¹¹</span> <span class='ocrx_word' id='word_1_282' title='bbox 935 4045 979 4092; x_wconf 86' lang='lat' dir='ltr'>Vel</span> <span class='ocrx_word' id='word_1_283' title='bbox 990 4045 1066 4104; x_wconf 83' lang='lat' dir='ltr'>potius</span> <span class='ocrx_word' id='word_1_284' title='bbox 1076 4045 1205 4106; x_wconf 75' lang='lat' dir='ltr'>recipiant.-</span> <span class='ocrx_word' id='word_1_285' title='bbox 1217 4044 1270 4092; x_wconf 81' lang='lat' dir='ltr'>vida</span> <span class='ocrx_word' id='word_1_286' title='bbox 1281 4043 1410 4091; x_wconf 72' lang='lat' dir='ltr'>Herodoti</span> <span class='ocrx_word' id='word_1_287' title='bbox 1422 4046 1474 4092; x_wconf 85' lang='grc'><strong>168.</strong></span> 
     </span>
     <span class='ocr_line' id='line_1_31' title="bbox 157 4127 1539 4193; baseline -0.001 -13"><span class='ocrx_word' id='word_1_288' title='bbox 157 4147 193 4181; x_wconf 88' lang='lat' dir='ltr'>vr.</span> <span class='ocrx_word' id='word_1_289' title='bbox 206 4133 293 4193; x_wconf 66' lang='lat' dir='ltr'>piat.</span> <span class='ocrx_word' id='word_1_290' title='bbox 908 4127 1010 4176; x_wconf 77' lang='lat' dir='ltr'>&#39;Strah</span> <span class='ocrx_word' id='word_1_291' title='bbox 1023 4139 1074 4174; x_wconf 76' lang='lat' dir='ltr'>xrs.</span> <span class='ocrx_word' id='word_1_292' title='bbox 1085 4129 1105 4174; x_wconf 95' lang='grc'>1.</span> <span class='ocrx_word' id='word_1_293' title='bbox 1116 4141 1138 4187; x_wconf 87' lang='lat' dir='ltr'>p.</span> <span class='ocrx_word' id='word_1_294' title='bbox 1151 4129 1203 4175; x_wconf 86' lang='grc'><strong>180.</strong></span> <span class='ocrx_word' id='word_1_295' title='bbox 1212 4127 1239 4174; x_wconf 88' lang='grc' dir='ltr'>Τ.</span> <span class='ocrx_word' id='word_1_296' title='bbox 1258 4127 1322 4175; x_wconf 80' lang='lat' dir='ltr'>conf.</span> <span class='ocrx_word' id='word_1_297' title='bbox 1332 4127 1397 4172; x_wconf 75' lang='lat' dir='ltr'>Voss</span> <span class='ocrx_word' id='word_1_298' title='bbox 1407 4128 1437 4173; x_wconf 88' lang='lat' dir='ltr'>ad</span> <span class='ocrx_word' id='word_1_299' title='bbox 1446 4127 1539 4186; x_wconf 77' lang='lat' dir='ltr'>Melam,</span> 
     </span>
    </p>
   </div>
   <div class='ocr_carea' id='block_1_6' title="bbox 189 4212 1101 4354">
    <p class='ocr_par' dir='ltr' id='par_1_10' title="bbox 189 4212 1101 4354">
     <span class='ocr_line' id='line_1_32' title="bbox 191 4212 1041 4276; baseline -0.013 -10"><span class='ocrx_word' id='word_1_300' title='bbox 191 4226 199 4251; x_wconf 77' lang='lat'><em>¹</em></span> <span class='ocrx_word' id='word_1_301' title='bbox 219 4217 313 4265; x_wconf 78' lang='lat' dir='ltr'>Eokhel</span> <span class='ocrx_word' id='word_1_302' title='bbox 325 4215 371 4262; x_wconf 86' lang='lat' dir='ltr'>vol.</span> <span class='ocrx_word' id='word_1_303' title='bbox 380 4228 408 4263; x_wconf 95' lang='grc' dir='ltr'>ιι.</span> <span class='ocrx_word' id='word_1_304' title='bbox 420 4229 441 4276; x_wconf 80' lang='lat' dir='ltr'>p</span> <span class='ocrx_word' id='word_1_305' title='bbox 452 4217 506 4263; x_wconf 78' lang='grc'>563.</span> <span class='ocrx_word' id='word_1_306' title='bbox 876 4224 904 4258; x_wconf 87' lang='grc' dir='ltr'>ιι.</span> <span class='ocrx_word' id='word_1_307' title='bbox 917 4213 939 4258; x_wconf 78' lang='lat'>2.</span> <span class='ocrx_word' id='word_1_308' title='bbox 951 4225 974 4256; x_wconf 93' lang='lat' dir='ltr'>u.</span> <span class='ocrx_word' id='word_1_309' title='bbox 988 4212 1041 4258; x_wconf 83' lang='lat'>120.</span> 
     </span>
     <span class='ocr_line' id='line_1_33' title="bbox 189 4295 1101 4354; baseline -0.014 -1"><span class='ocrx_word' id='word_1_310' title='bbox 189 4313 198 4338; x_wconf 80' lang='lat'>¹</span> <span class='ocrx_word' id='word_1_311' title='bbox 215 4305 275 4354; x_wconf 66' lang='lat' dir='ltr'>libr.</span> <span class='ocrx_word' id='word_1_312' title='bbox 288 4316 335 4350; x_wconf 88' lang='grc' dir='ltr'>ιιι.</span> <span class='ocrx_word' id='word_1_313' title='bbox 349 4305 371 4350; x_wconf 84' lang='lat' dir='ltr'>e.</span> <span class='ocrx_word' id='word_1_314' title='bbox 383 4305 404 4350; x_wconf 83' lang='lat'>8.</span> <span class='ocrx_word' id='word_1_315' title='bbox 908 4303 922 4326; x_wconf 80' lang='grc'><strong><em>·</em></strong></span> <span class='ocrx_word' id='word_1_316' title='bbox 934 4295 996 4342; x_wconf 87' lang='lat' dir='ltr'>Libr.</span> <span class='ocrx_word' id='word_1_317' title='bbox 1007 4307 1034 4342; x_wconf 91' lang='grc' dir='ltr'>ιι.</span> <span class='ocrx_word' id='word_1_318' title='bbox 1049 4297 1101 4342; x_wconf 86' lang='grc'><strong>178.</strong></span> 
     </span>
    </p>
   </div>
   <div class='ocr_carea' id='block_1_7' title="bbox 189 4389 520 4449">
    <p class='ocr_par' dir='ltr' id='par_1_11' title="bbox 189 4389 520 4449">
     <span class='ocr_line' id='line_1_34' title="bbox 189 4389 520 4449; baseline -0.012 -10"><span class='ocrx_word' id='word_1_319' title='bbox 189 4394 196 4424; x_wconf 79' lang='lat'><strong>¹</strong></span> <span class='ocrx_word' id='word_1_320' title='bbox 217 4392 278 4439; x_wconf 82' lang='lat' dir='ltr'>Libr.</span> <span class='ocrx_word' id='word_1_321' title='bbox 291 4403 342 4438; x_wconf 78' lang='grc' dir='ltr'>ιιι.</span> <span class='ocrx_word' id='word_1_322' title='bbox 358 4393 378 4436; x_wconf 93' lang='grc'>1.</span> <span class='ocrx_word' id='word_1_323' title='bbox 391 4403 414 4449; x_wconf 88' lang='lat' dir='ltr'>p.</span> <span class='ocrx_word' id='word_1_324' title='bbox 428 4391 480 4437; x_wconf 83' lang='grc'><strong>163.</strong></span> <span class='ocrx_word' id='word_1_325' title='bbox 494 4389 520 4434; x_wconf 91' lang='grc' dir='ltr'>Τ.</span> 
     </span>
    </p>
   </div>
   <div class='ocr_carea' id='block_1_8' title="bbox 0 0 1980 5238">
    <p class='ocr_par' dir='ltr' id='par_1_12' title="bbox 0 0 1980 5238">
     <span class='ocr_line' id='line_1_35' title="bbox 0 0 1980 5238; baseline 0 3"><span class='ocrx_word' id='word_1_326' title='bbox 0 0 1980 5238; x_wconf 95' lang='lat' dir='ltr'> </span> 
     </span>
    </p>
   </div>
  </div>
 </body>
</html>
