4004 5264
404 521 444 583 38
812 518 861 582 IN
865 517 1163 584 SCRIPTIONES
1185 517 1377 584 GRAECAE.
1474 518 1595 606 [meon.
1611 541 1793 597 urrunnu.

404 706 595 780 Letoidem
624 708 663 780 in
690 705 865 779 honorem
888 704 954 778 filii
976 707 1054 802 ejus
1078 705 1268 794 Hilarium,
1290 707 1450 802 equestri
1473 706 1600 780 ordine
1623 719 1660 782 et
1687 723 1794 808 gente

405 825 672 924 spectatissima.

477 946 672 1046 Descripsi‚
707 945 908 1019 litterarum
944 947 1062 1044 specie
1089 957 1310 1034 conservate,
1338 944 1384 1018 de
1412 947 1490 1020 basi
1519 946 1663 1043 jacente
1698 949 1795 1046 apud

402 1068 574 1140 moenium
591 1079 711 1165 partes
729 1065 1008 1163 orientalesque
1025 1067 1224 1164 vergebant
1240 1066 1287 1139 ed
1304 1064 1501 1140 meridiem.
1537 1067 1795 1156 Fellowsiumae

404 1189 467 1284 qui
496 1188 600 1285 ponit
621 1187 830 1274 occidentes,
859 1187 1107 1262 situsfefellit.
1161 1187 1315 1286 Propior
1344 1212 1432 1260 vero
1465 1187 1678 1262 Shersrdus'
1701 1189 1796 1287 apud

404 1306 553 1382 Bockh.'

479 1426 648 1502 Refertur
664 1428 703 1500 in
713 1453 746 1501 v,
765 1429 797 1500 8.
817 1453 842 1500 s.
861 1453 968 1500 evum
986 1426 1166 1500 Hilerieni
1182 1425 1333 1524 gessisse
1350 1451 1483 1500 nomen
1500 1426 1600 1521 quod
1618 1427 1794 1502 Hadriani

403 1547 482 1634 fuit,
500 1547 621 1645 idque,
639 1548 678 1620 ni
694 1547 810 1636 fallor,
829 1547 968 1622 solenni
985 1547 1247 1622 consuetudine
1266 1545 1437 1620 adulandi
1463 1571 1570 1642 quum
1588 1548 1724 1644 ubique
1742 1562 1795 1623 est

403 1669 441 1741 in
458 1667 515 1741 his
532 1669 647 1742 titulis
665 1669 883 1766 conspicere.
936 1669 1105 1742 Limilem
1125 1667 1297 1765 temporis
1313 1666 1400 1740 hinc
1417 1669 1544 1766 cupies.

478 1789 694 1864 Lectionum
722 1789 971 1887 discrepantiae
1001 1801 1094 1875 runt,
1124 1789 1163 1860 in
1183 1813 1216 1859 v.
1238 1791 1269 1860 3.
1290 1789 1353 1863 Bu.
1382 1794 1579 1863 ΙΠΓΙΙΚΟΥ
1610 1789 1729 1888 (quod
1758 1791 1794 1864 in

404 1910 613 1983 minusculis
631 1908 829 2006 emendat.)
849 1910 888 1982 in
906 1912 937 1983 6.
956 1908 1016 1982 fin.
1036 1911 1100 1984 Bo.
1122 1913 1212 1983 ΠΡΙ.
1236 1909 1274 1980 in
1294 1911 1350 1984 10.
1370 1935 1396 1982 s.
1416 1911 1480 1984 Bo.
1498 1915 1788 1985 ΥΠΑΚΤΙΚΟΝ.

403 2041 441 2102 et
461 2031 499 2102 in
520 2033 575 2102 14.
592 2055 618 2104 ε.
636 2036 927 2104 ΥΠΑΤΡΙΚΩΝ.
950 2029 988 2101 in
1009 2031 1063 2102 18.
1082 2029 1420 2104 Εε11.ΑΝτοΝΙΑ.
1444 2027 1530 2102 dein
1551 2031 1614 2104 B'o.
1634 2036 1795 2105 ΛΙΤΟΙΣ

405 2155 615 2222 ΜΗΤΗΡΙο
637 2148 717 2249 (hic
741 2149 887 2246 explico
904 2133 1112 2246 ligaturas):
1133 2147 1267 2245 quibus
1284 2148 1453 2245 adjunxit
1469 2149 1634 2224 Fellows.
1650 2157 1794 2224 ΚΑΗΜ-

402 2276 543 2344 ΑΜΜΙ.
566 2272 605 2343 in
623 2295 655 2342 v.
671 2273 731 2343 22.
752 2271 814 2345 Bo.
836 2277 862 2342 Γ
862 2273 1173 2344 ΛΥΚΟΤΑΤΟΝ.

808 2465 951 2537 LXIV.
978 2488 1021 2536 w.
1229 2465 1352 2538 LXV.
1380 2488 1414 2536 x.

773 2631 1023 2706 ΔΙΟΓΕΝ·ΙΝ
1169 2637 1427 2710 ΛΤΤΛΛΟΝ

772 2743 1024 2818 ΛΠΛΛΟΣ
1171 2749 1430 2821 ΔΙΟΓΕΝ·ΙΣ

773 2854 1034 2930 ΤΟΝΛΔΕΛ
1170 2859 1421 2932 ΤΟΝΛΔΕΛ

780 2934 1043 3079 ‘reolo
1169 2935 1432 3087 niolo

714 3184 757 3232 w.
782 3151 969 3253 Διογένην
982 3143 1186 3249 Ἄτταλος,
1206 3148 1273 3231 τὸν
1292 3147 1472 3258 ἀδελφόν.

717 3313 752 3360 x.
775 3274 970 3363 Ἄτταλον
993 3282 1189 3386 Διογένης,
1209 3279 1276 3364 τὸν
1295 3279 1475 3390 ἀδελφόν.

477 3455 619 3530 LXIV.
648 3455 793 3528 Titulus
810 3456 982 3553 praedicat
998 3457 1184 3552 honorem,
1198 3457 1317 3530 Attali
1333 3483 1476 3550 munus,
1494 3455 1596 3529 fratri
1618 3457 1696 3552 ejus
1710 3457 1793 3531 Dio·

401 3577 486 3676 geni
503 3575 689 3648 tributum.
745 3574 871 3649 Statua
888 3589 973 3664 erat,
992 3601 1041 3650 ex
1057 3578 1136 3651 basi
1153 3579 1257 3675 cnjus
1270 3578 1414 3674 jacente
1432 3601 1544 3674 prope
1561 3601 1707 3650 murum
1724 3601 1796 3674 quc

401 3709 501 3796 parte
530 3696 818 3796 notozephyrum
845 3709 984 3795 spectet
1012 3700 1215 3774 litterarum
1245 3697 1389 3786 formas,
1406 3697 1541 3796 insigni
1567 3721 1690 3771 earum
1718 3698 1795 3796 pul·

401 3816 580 3891 critudr'ne
598 3828 733 3914 ceptus,
752 3817 936 3915 descripsi.

477 3934 653 4010 Edideret
670 3961 719 4009 ex
735 3936 814 4011 cod.
836 3937 1016 4013 Shercrd.t
1036 3937 1248 4026 Bo'ckhiusl,
1267 3963 1315 4011 ex
1332 3938 1479 4036 proprio
1497 3936 1732 4012 Fellowsius'.

442 4125 455 4160 ‘¹
472 4121 532 4177 Ubi
546 4139 609 4197 sup.
624 4141 652 4198 p.
661 4125 727 4186 329.
742 4142 769 4179 n.
780 4127 827 4182 40.
1161 4127 1171 4159 ῑ
1193 4123 1262 4182 coc
1276 4143 1304 4200 p.
1313 4125 1359 4180 28.
1395 4121 1467 4179 Ask.
1478 4139 1521 4179 111.
1537 4126 1563 4182 3.
1579 4142 1599 4180 s.

441 4224 451 4252 ¹
473 4218 542 4276 Coei
557 4238 583 4295 p.
593 4222 619 4278 8.
660 4219 733 4278 Ask.
745 4238 764 4278 1.
781 4223 826 4284 71.
1163 4229 1177 4258 ‘¹
1193 4223 1262 4298 Peg.
1276 4219 1343 4280 526.
1358 4239 1386 4277 n
1398 4222 1483 4280 2805.
1499 4240 1525 4278 a.

441 4322 450 4352 ⁸
472 4317 533 4375 Ubi
546 4337 609 4396 sup.
623 4337 650 4395 p.
658 4321 726 4379 522.
741 4339 768 4378 n.
780 4317 867 4386 2793.
1162 4327 1176 4358 '
1191 4322 1252 4380 Ubi
1266 4341 1328 4398 sup.
1343 4341 1369 4396 p.
1381 4323 1447 4385 329.
1462 4341 1490 4380 n.
1504 4324 1549 4386 39.
