4004 5264
436 557 478 620 58
843 551 1198 618 INSORIPTIONES
1221 551 1413 618 GRAEOAE.
1450 553 1570 643 [rusca.
1586 575 1698 632 cxxx,
1713 575 1827 621 axxx1.

514 740 700 837 Descripsi
721 739 767 814 de
790 742 914 814 tabula
934 763 1135 816 marmorea
1161 742 1200 814 in
1227 765 1368 815 summo
1393 767 1499 816 muro
1521 743 1638 842 posita
1662 744 1829 840 interque

440 861 633 960 parietinas
654 859 817 934 aedicula
834 861 1019 956 quadratae
1038 885 1152 959 prope
1173 862 1305 934 monia
1327 863 1428 936 urbis
1452 863 1518 937 ubi
1543 863 1830 964 notozephyrum

439 1007 565 1055 versus
583 992 747 1078 spectant
764 980 849 1054 sitaa
902 982 999 1068 Erat,
1017 978 1137 1065 credo,
1155 979 1258 1052 locus
1286 980 1505 1054 excubitorii
1527 982 1566 1054 in
1587 981 1657 1055 hac
1683 983 1831 1081 regione

440 1103 549 1175 urbis.
616 1101 765 1174 Litteras
803 1124 906 1197 paene
940 1100 1088 1173 omnino
1126 1112 1357 1187 evanuerant,
1392 1102 1593 1176 terentibus
1633 1102 1832 1178 identidem

440 1223 575 1297 vicanis
596 1222 670 1296 huc
691 1221 779 1296 illuc
801 1223 981 1309 euntibus,
1006 1246 1089 1295 narn
1120 1223 1246 1295 semita
1274 1247 1340 1320 per
1370 1222 1525 1296 mediam
1552 1223 1742 1298 aediculam
1771 1226 1832 1300 du·

439 1345 553 1418 cebat.

515 1462 643 1537 Edidit
672 1461 867 1537 Boethius
896 1485 945 1534 cx
971 1461 1239 1535 Fellowsianism
1267 1461 1478 1535 admiranda
1511 1487 1595 1536 sane
1623 1465 1832 1562 explicandi

441 1584 587 1658 solertia
606 1609 720 1681 quum
746 1608 821 1658 non
844 1585 914 1658 nisi
930 1583 1109 1684 farragine
1126 1609 1228 1682 paene
1246 1584 1497 1681 inexplicabili
1513 1583 1627 1659 fretus
1645 1586 1831 1684 ingenium

441 1733 546 1781 suum
564 1707 621 1779 vir
638 1731 799 1780 summus
817 1705 1031 1780 exercuerit.
1084 1703 1129 1776 In
1146 1703 1281 1800 primia,
1299 1702 1437 1776 claudit
1453 1728 1486 1776 v.
1501 1707 1532 1776 1.
1548 1709 1683 1778 ΕΠΗΑ.
1737 1705 1832 1777 Dein

441 1852 525 1901 curn
544 1829 576 1900 5.
594 1826 721 1925 incipit
738 1827 865 1899 titulus
881 1826 1052 1920 utrinque
1069 1836 1283 1921 praeruptus.
1326 1824 1498 1897 Decmrit
1514 1850 1546 1896 v.
1561 1825 1593 1898 6.
1615 1829 1832 1899 ΕΩΝΙΟΥΕ-

353 1993 357 2000 ·
443 1952 928 2021 ΚΛΡΝΟΥΣΑΡΤ.ΟΥΧΕ.
958 1971 992 2019 v.
1009 1947 1040 2018 8.
1064 1947 1449 2020 ΟΙΕΡΥΕΟΦΟΡΟΙΕ.
1483 1943 1615 2018 deinde
1646 1951 1725 2017 ΕΙΕ.
1750 1971 1784 2016 v.
1800 1949 1830 2017 9.

403 2065 406 2073 ’
444 2072 740 2141 ΝΔΗΑΟΥΤΑΙ.
763 2065 802 2137 in
822 2069 878 2140 10.
898 2070 1305 2140 ΟΥΑΕΙΣΕΞΟΙΣΙΑΝ.
1329 2065 1367 2136 in
1398 2068 1454 2138 11.
1476 2071 1533 2139 ΡΗ
1553 2078 1620 2138 etc.
1639 2065 1677 2138 in
1698 2069 1754 2140 12.
1772 2067 1830 2140 fin.

440 2193 689 2262 ΤΡΙΤΟΝΕΕ.
729 2188 768 2260 in
798 2189 854 2260 13.
891 2192 1499 2264 ΡΚΗΔΕΥΘΗΣΟΝΤΑΤΟΥΕΑΝ
1530 2201 1595 2263 etc.
1626 2189 1665 2261 in
1694 2191 1752 2262 14.
1783 2215 1833 2286 pr.

443 2313 629 2381 ΑΠΤΘΗ.
697 2309 742 2380 In
767 2306 838 2380 hoc
866 2307 972 2380 titulo
1002 2305 1204 2379 evolvendo
1231 2306 1419 2403 paululum
1449 2307 1659 2380 immoratus
1687 2333 1768 2381 sum
1797 2311 1834 2382 in

442 2426 595 2524 append.
615 2439 687 2500 not.
705 2426 785 2500 crit.
803 2427 939 2524 quippe
955 2426 1128 2500 formulas
1146 2427 1321 2522 quasdam
1348 2451 1422 2500 non
1444 2428 1580 2524 ubique
1598 2429 1724 2502 obvias
1743 2453 1835 2504 com·

442 2549 561 2645 plexo.
614 2547 788 2620 Restituit
816 2544 953 2622 Bockla
971 2545 1018 2618 ad
1045 2545 1232 2642 exemplar
1261 2570 1387 2619 eorum
1414 2571 1495 2642 quae
1520 2547 1559 2619 in
1586 2547 1692 2621 titulo
1722 2548 1836 2622 altero

445 2665 725 2765 Aphrodisiensi
748 2666 856 2739 obvia
881 2679 974 2752 sunt,
1002 2665 1098 2739 inter
1115 2691 1199 2739 suos
1216 2690 1247 2737 n.
1269 2667 1375 2739 2826.
1434 2667 1609 2760 Quaedam
1625 2668 1725 2740 omni
1743 2692 1837 2742 com·

447 2787 659 2886 probatione
679 2785 788 2885 digna
814 2797 917 2877 sunt;
944 2787 982 2858 in
1000 2784 1215 2880 quibusdam
1244 2785 1401 2873 discessi,
1428 2786 1636 2886 apographo
1652 2789 1837 2863 exactiore

444 2911 555 2981 usual.

1023 3149 1207 3222 LXXXI.
1237 3157 1262 3233 ξ.

523 3355 667 3429 Titulus
701 3354 924 3428 monumenti
951 3365 1006 3428 est
1036 3353 1135 3450 quod
1169 3354 1216 3426 ad
1245 3353 1433 3430 Julianum
1467 3353 1671 3450 quemdam,
1707 3356 1838 3428 summi

449 3475 645 3550 sacerdotis
676 3475 755 3548 Zeli
782 3474 908 3561 filium,
926 3474 1139 3572 pertinebat.
1193 3473 1334 3547 Montio
1357 3473 1400 3547 fit
1422 3474 1645 3572 sepultorum
1662 3473 1702 3547 in
1719 3499 1764 3548 eo
1780 3500 1839 3573 pa·

447 3610 590 3671 rentum
608 3597 685 3690 ejus
704 3594 784 3668 Zeli
811 3606 848 3667 et
864 3593 996 3681 Paulae,
1014 3594 1228 3691 nepotisque
1255 3594 1402 3667 illorum
1421 3593 1640 3670 Charidemi.
1694 3594 1837 3669 Deinde
1982 3575 1983 3626 5

447 3716 675 3791 interdicitur
692 3739 779 3788 usus
797 3715 1004 3789 structionis
1022 3715 1151 3788 ceteris
1169 3716 1337 3789 omnibus
1354 3727 1485 3813 praeter
1502 3739 1753 3812 possessorem,
1765 3737 1838 3811 quo
1982 3711 1983 3790 i

448 3839 629 3924 defunctu
647 3833 910 3909 consecrationi
926 3834 1005 3928 ejus
1023 3833 1249 3932 prospicitur.

487 4125 582 4182 ¹v01.
594 4140 624 4180 11.
639 4120 771 4179 ascens
785 4118 906 4197 pina
922 4141 949 4180 n,
965 4119 1051 4191 asoa,
1064 4122 1087 4179 a.
1167 4129 1339 4174 xispsors
1359 4118 1391 4174 a
1411 4137 1437 4174 v.
1454 4115 1482 4176 a.
1504 4135 1568 4193 qua
1589 4117 1619 4174 n
1638 4117 1734 4193 lapide
1755 4117 1841 4175 lucu·

487 4232 509 4262 ¹⁸
523 4224 585 4282 Ubi
599 4240 662 4297 sup.
677 4241 704 4297 p.
716 4223 783 4280 351.
797 4239 824 4277 n.
833 4223 881 4280 53.
1167 4218 1260 4275 lenter
1274 4218 1426 4275 exstabat:
1447 4225 1550 4274 utrum
1565 4215 1706 4286 consulto,
1716 4235 1754 4273 an
1764 4235 1840 4274 mar·
1982 4239 1983 4250 ¹

488 4321 553 4378 ⁰111
571 4319 626 4376 hoc
643 4317 770 4375 notanda
789 4325 833 4376 est
856 4317 942 4376 lectio
962 4317 1119 4395 singularis
1169 4317 1287 4374 morarii
1301 4317 1392 4392 lapsu,
1407 4316 1517 4391 ignoro.
