3952 5238
444 574 506 637 292
992 563 1282 633 AUCTARIUM.
1521 563 1753 651 [mscn.rvm.,
1767 583 1838 628 ιιι.
1969 623 1970 632 .

501 757 550 820 12.
573 756 629 822 Ἐκ
644 755 828 841 προγόνων.
861 751 977 818 Sensus
986 749 1168 817 manifestus
1179 751 1396 830 estadt'mtar
1409 770 1543 826 avemus,
1554 761 1593 814 ut
1602 746 1637 825 ἐξ
1648 747 1838 834 ἐθισμᾶτων,
1969 815 1970 836 γ

443 868 475 931 ἐκ
495 865 613 948 νόμων,
628 865 660 928 ἐκ
672 863 794 927 τούτων
808 859 843 924 in
852 858 940 924 Oret.
953 856 1138 924 Demosth.‘¹
1150 855 1252 944 Angl.
1264 854 1459 942 aymahlyto
1473 853 1550 920 dese
1557 855 1738 944 principles.
1767 855 1841 920 Hoo
1969 843 1970 846 ¹

443 964 538 1030 modo
561 964 596 1028 in
612 962 722 1050 primis
742 961 882 1049 explieat
902 960 1138 1028 schleusnenm
1152 960 1248 1026 verba
1265 957 1299 1026 S.
1318 957 1431 1038 Pauli,
1456 963 1558 1048 Χάριν
1574 961 1639 1048 ἔχω
1653 968 1699 1049 τῷ
1713 960 1840 1049 eremi

445 1066 585 1154 λατρεύω
601 1067 664 1133 ἀπὸ
679 1067 861 1153 προγόνων,
876 1063 910 1128 h.
922 1087 951 1130 e.
963 1063 1059 1150 juxta
1067 1061 1211 1129 institute
1218 1077 1251 1129 et
1262 1061 1359 1129 fidem
1369 1063 1525 1150 majorum
1535 1087 1687 1146 meorum,
1698 1065 1840 1132 Patrim-

445 1173 585 1239 oharum.
619 1169 755 1235 Diversa
768 1183 842 1234 sunt
851 1193 976 1257 prorsus
991 1193 1061 1257 quae
1075 1169 1297 1256 subjungitvir
1311 1168 1432 1249 doetus,
1443 1173 1476 1240 ἐκ
1489 1171 1616 1253 παιδός,
1631 1175 1663 1240 ἐκ
1678 1176 1838 1252 νεότητος.

447 1278 609 1343 Illustrant
618 1299 710 1364 porro
720 1277 816 1342 verba
825 1275 1026 1342 Herodisni‘:
1040 1276 1134 1344 Ἀλλ’
1152 1279 1201 1361 ἐμὲ
1211 1277 1344 1346 καλοῦσι
1354 1275 1502 1364 Ῥωμαῖοι
1514 1325 1681 1344 .......
1688 1283 1838 1368 ἐνάρετον

448 1386 511 1452 ὐπὸ
532 1385 707 1470 προγόνων
726 1380 848 1450 ἄνωθεν
868 1383 975 1470 ἀρχὴν
999 1384 1043 1466 μὴ
1064 1378 1226 1466 περιϊδεῖν,
1245 1381 1360 1446 illrum
1386 1382 1460 1446 adeo
1491 1393 1519 1447 et
1545 1381 1708 1462 donem,
1728 1385 1802 1450 inde
1819 1409 1838 1448 a

447 1489 622 1576 majoribus,
637 1489 808 1575 imperium.
1207 1527 1209 1534 ·

514 1595 565 1660 13.
591 1594 779 1680 Εὐεργέτην.
827 1592 910 1672 Hoc,
925 1615 989 1657 non
1013 1594 1177 1680 εὐεργέτιν,
1196 1592 1230 1657 in
1254 1615 1406 1658 marmore
1429 1593 1590 1659 exstabat:
1611 1594 1740 1660 videtur
1754 1599 1837 1684 εὐερ-

448 1708 541 1790 γέτης
566 1699 619 1766 hio
650 1723 706 1788 pro
738 1699 893 1786 adjectivo
916 1700 1051 1788 ideoque
1071 1701 1246 1766 eommunis
1270 1701 1394 1790 generis
1413 1701 1568 1789 usurpari.
1624 1702 1711 1770 Vide
1733 1727 1837 1770 annon

449 1804 631 1894 exemplum
650 1826 724 1869 usus
751 1804 882 1891 hujuaoe
905 1817 1031 1892 prutet
1053 1803 1212 1871 Lucienus
1234 1804 1269 1870 in
1294 1804 1365 1871 libr.
1393 1805 1444 1872 De
1460 1806 1612 1894 Gymnas.
1637 1827 1720 1874 xm.
1739 1811 1837 1880 'nm

450 1917 611 2002 εὐεργέτης
625 1916 714 2000 ὐμῶν
728 1917 746 1978 ὁ
762 1914 844 2000 ἁνὴρ
860 1910 1105 2000 ἂναγεγρᾶφθω.

1096 2103 1190 2168 LIX.

516 2237 547 2298 4.
564 2257 589 2298 s.
611 2236 866 2323 Ἀσιαρχιερέως,
882 2232 934 2298 vel
956 2231 1049 2298 utin
1074 2231 1164 2296 editt.
1187 2229 1312 2296 Biiokh.
1329 2230 1383 2314 (of.
1406 2243 1438 2294 et
1457 2253 1488 2294 n.
1510 2233 1622 2314 2777.)
1637 2245 1669 2297 et
1692 2233 1836 2300 Fellows.

450 2340 610 2428 seriptum,
624 2341 736 2419 Ἀσίας
762 2342 944 2429 ὐρχιερέως,
960 2338 1047 2404 idem
1071 2360 1108 2403 ae
1122 2338 1309 2428 Ἀσιύρχου,
1336 2336 1375 2402 de
1399 2359 1462 2422 quo
1488 2335 1671 2426 magistratu
1689 2339 1783 2407 docte
1804 2343 1837 2406 in

450 2446 560 2533 primis
574 2446 750 2512 Vandalius
765 2445 934 2514 dissentith.
980 2445 1093 2534 Capita
1114 2443 1348 2532 disceptationis
1370 2441 1423 2509 hio
1449 2467 1543 2530 quam
1561 2444 1745 2512 brevissime
1768 2471 1836 2536 pro-

450 2553 530 2619 ferre
545 2552 633 2619 libet.
679 2554 762 2620 Octo
776 2566 859 2634 sunt,
874 2565 1028 2641 quatenus
1042 2552 1197 2618 extricare
1212 2575 1305 2638 queo.

516 2684 544 2726 a.
569 2659 687 2726 Statuit
697 2662 904 2729 sacerdotium
916 2684 1072 2728 summum
1089 2661 1301 2749 (ἆρχιερείαν)
1314 2673 1347 2726 et
1356 2657 1553 2726 Asiarohiam
1565 2657 1604 2723 ab
1624 2657 1761 2724 invioem
1776 2660 1836 2726 dis-

452 2791 602 2856 orepasse.

515 2875 548 2939 b.
572 2874 699 2952 Contra,
715 2873 921 2940 sacerdotium
942 2894 1108 2938 commune
1122 2869 1209 2935 Asiae
1225 2871 1412 2956 (ἱερωσύνην
1433 2869 1491 2944 τὴν
1509 2869 1617 2946 κοινὴν
1630 2879 1687 2946 τῆς
1699 2868 1835 2956 Ἀσίας),

453 2980 542 3065 eujus
567 2978 760 3045 mentionem
788 2977 864 3045 feeit
888 2975 1044 3042 Aristides
1069 2975 1127 3041 sub
1150 2973 1246 3040 finem
1265 2970 1426 3038 Orationis
1450 2993 1551 3048 sacrae,
1577 2985 1610 3037 et
1628 2972 1835 3052 Asiarchiam,
1969 3027 1970 3030 ¹

454 3085 563 3150 eadem
577 3083 681 3149 fuisse.

518 3215 546 3257 o.
567 3189 737 3257 Asiarchae
751 3190 896 3278 opinatur
909 3188 1003 3254 fuisse
1014 3209 1145 3253 numero
1156 3185 1269 3272 plures,
1281 3207 1405 3270 nempe,
1414 3205 1514 3248 unum
1527 3183 1712 3273 prinoipem,
1722 3199 1837 3254 ceteros
1969 3211 1970 3234 2

455 3319 610 3362 assessores
624 3296 689 3363 sive
703 3298 803 3374 sorios,
824 3294 997 3382 eodemque
1022 3293 1125 3370 modo,
1149 3314 1213 3377 quo
1237 3290 1410 3356 Irenamhae
1435 3290 1474 3355 ab
1494 3289 1643 3356 Aristide¹
1666 3293 1835 3372 memorati,

456 3401 580 3468 eleetos.

521 3507 550 3571 d.
573 3507 733 3572 Asiarohae
746 3507 883 3574 officium
898 3507 989 3595 ponit
998 3507 1092 3572 fuisse
1106 3503 1202 3570 totius
1212 3503 1297 3570 Asiae
1306 3502 1543 3591 proconsularis,
1552 3504 1673 3571 ratione
1683 3505 1835 3584 ludorum,
1969 3565 1970 3594 γ

456 3614 712 3680 moderationem.

521 3745 549 3786 e.
572 3721 683 3788 Plures
701 3721 829 3808 insuper
839 3733 871 3788 et
882 3721 1020 3788 diversos
1034 3720 1227 3785 diversarum
1242 3715 1406 3782 civitatum
1421 3715 1589 3782 Asiarohes
1599 3716 1755 3783 erarium
1770 3741 1838 3783 oen-
1969 3683 1970 3736 i

457 3843 511 3908 set,
536 3853 589 3895 ex.
615 3852 644 3895 e.
672 3827 914 3915 Smymerorum,
949 3827 1225 3914 Pergamenorum,
1258 3823 1490 3902 Sardianorum,
1523 3838 1618 3911 prout
1646 3849 1836 3914 unaquaeque

458 3934 644 4023 Metropolis
658 3934 761 4014 fuerit,
777 3947 831 4000 aut
844 3957 900 3999 sua
915 3937 1002 4004 κοινὰ
1017 3931 1173 3998 hebuerit.

490 4127 584 4178 ‘Oret
596 4129 856 4190 necheonaser.
869 4131 907 4177 28.
1207 4120 1696 4186 sO.xv11.(vol.vn.p.171.Bipont.)

491 4213 596 4261 ‘Lexia-
609 4213 693 4260 invoc-
703 4211 819 4276 πρόγονε,
830 4209 1086 4272 adspntedrtmorn
1097 4219 1125 4256 n.
1198 4205 1219 4272 A*
1236 4208 1332 4254 Dissert.
1343 4217 1383 4254 111.
1396 4221 1436 4266 pp.
1446 4208 1502 4254 274.
1514 4220 1544 4255 ss.

461 4300 483 4345 1.
497 4300 519 4344 3.
1208 4290 1215 4323 ¹
1236 4291 1302 4341 Tom.
1313 4305 1331 4340 ι.
1345 4305 1367 4351 p.
1379 4293 1434 4340 ³45.
1447 4291 1491 4339 Ed.
1505 4291 1583 4342 Oxon.
1602 4293 1668 4342 Orat.
1680 4293 1742 4342 Sser.

493 4375 502 4411 ¹
516 4378 579 4430 Hist.
589 4391 619 4428 ιι.
632 4381 654 4427 8.
673 4394 696 4439 p.
707 4381 745 4428 60.
754 4377 866 4426 ’Τενείιιε
1696 4375 1699 4382 “
