3972 5240
131 605 134 610 ·
184 609 286 656 rusca.
298 588 468 678 ccxxxiv]
778 591 989 661 SILLYUM.
1513 600 1573 664 231

185 777 437 874 complectitur
458 776 609 852 fortasse
628 779 765 856 Graeca
836 781 910 858 Sed
924 782 1130 880 discrepant
1159 782 1373 882 apographa.
1444 788 1502 858 23.
1521 813 1571 882 sq.

185 929 244 974 και
266 941 279 954 -
303 940 317 954 -
340 939 356 953 -
377 939 394 952 -
415 889 493 993 ἅμα
524 899 629 996 δῖμος
654 906 720 1005 (sc.
744 901 873 999 δῆμος,
910 909 1195 1005 exspectandum
1226 921 1303 983 erat
1335 897 1469 1000 δᾶμος)
1496 897 1572 1002 ἅμα

184 1017 306 1116 πόλις,
327 1027 411 1102 dein
431 1027 587 1125 αγεθλα,
606 1028 757 1104 fortasse
777 1022 908 1120 ἄεθλα,
924 1016 1036 1105 ἆθλα.
1095 1037 1153 1106 27.
1176 1027 1297 1109 radul?
1348 1039 1405 1118 29.
1425 1075 1440 1088 ·
1457 1076 1471 1090 ·
1488 1076 1501 1088 -
1517 1065 1571 1113 mr

184 1155 259 1250 ι(ἰ.
274 1178 303 1227 e.
323 1150 414 1254 ἡ,ἁ)
433 1147 557 1234 πόλις.
621 1158 679 1229 30.
702 1146 797 1230 καί·
821 1195 834 1210 -
858 1195 872 1208 ·
942 1159 1000 1230 35.
1031 1151 1104 1230 καί.
1174 1162 1231 1233 36.
1258 1151 1335 1238 τάς.
1405 1158 1478 1234 Sed
1501 1160 1571 1231 hoc

183 1276 332 1357 forsitan
349 1307 477 1358 vocem
496 1282 719 1357 terminabat.

258 1480 403 1552 Titulus
420 1503 469 1552 ex
485 1479 754 1578 insignioribus,
766 1480 1069 1577 barbsrograeous,
1080 1478 1300 1576 epochaeque
1314 1477 1569 1563 Macedonieae,

183 1599 221 1670 ni
237 1597 352 1686 fallor,
371 1614 534 1697 tempore
551 1623 780 1698 praegressus.
834 1599 1001 1674 Tradidit
1017 1625 1147 1698 nempe
1165 1599 1353 1685 Arrianus,
1372 1598 1471 1695 quod
1488 1612 1525 1670 et
1550 1624 1571 1669 a

183 1719 337 1792 nummis
366 1718 539 1806 firmatur,
563 1719 711 1794 colonos
729 1718 877 1795 Graecos
901 1718 1031 1792 horum
1058 1733 1239 1795 tractuum
1272 1720 1403 1793 sensim
1434 1721 1471 1791 in
1492 1721 1569 1791 bar-

181 1842 316 1916 bariem
345 1856 427 1916 aute
460 1839 664 1916 Alexandri
698 1839 895 1916 adventum
927 1839 1122 1938 prolapsos,
1154 1840 1387 1938 linguamque
1417 1840 1568 1936 patriam

182 1962 327 2034 omuino
353 1959 429 2034 fere
459 1961 627 2034 amisisse.
682 1960 742 2036 Sic
770 1959 815 2032 de
846 1958 1030 2034 Sidetibus
1057 1974 1179 2036 narrat
1207 1963 1443 2060 exipsorum
1472 1963 1568 2036 testi-

181 2089 313 2180 moni0,
340 2079 397 2160 ὅτι
425 2083 473 2166 ὡς
501 2075 667 2186 κατῇρθν
686 2113 725 2158 τε
746 2083 797 2162 εἱς
821 2073 889 2178 τὴν
907 2083 980 2180 γῆν
999 2079 1141 2180 ἐκείνην
1161 2083 1196 2158 οἱ
1214 2079 1356 2182 πρῶτοι
1376 2081 1416 2158 ἐκ
1439 2075 1568 2178 Κύμης

183 2214 376 2310 (AEolidis)
409 2204 625 2300 σταλέντες,
657 2205 718 2283 καὶ
748 2204 808 2283 ἐπὶ
839 2204 998 2310 οἰκισμῷ
1018 2201 1221 2310 ἐξέβησαν,
1242 2203 1373 2284 αὐτίκα
1402 2201 1473 2302 τὴν
1500 2203 1569 2302 μὲν

180 2331 351 2412 Ἑλλάδα
378 2334 567 2434 γλῶσσαν
596 2325 836 2436 ἐξελάθοντο,
862 2325 968 2412 εὐθὺς
997 2326 1037 2407 δὲ
1065 2325 1263 2434 βάρβαρον
1291 2324 1432 2435 φωνὴν
1448 2327 1568 2424 ἵεσαν,

183 2455 265 2536 οὐδὲ
285 2458 358 2536 τῶν
377 2453 613 2560 προσχώρων
643 2449 860 2557 βαρβάρων,
881 2450 984 2531 ἀλλὰ
1009 2454 1105 2532 ἰδίαν
1125 2455 1250 2560 σφῶν,
1270 2453 1373 2533 οὔπω
1400 2449 1570 2555 πρόσθεν

182 2585 300 2664 οὖσαν
319 2579 388 2682 τὴν
408 2581 547 2693 φωνήν·
579 2581 640 2660 καὶ
670 2581 709 2658 ἐκ
738 2574 823 2658 τότε
853 2578 897 2658 οὐ
925 2575 1019 2658 κατὰ
1046 2573 1133 2662 τοὺς
1157 2575 1301 2664 ἄλλους
1319 2577 1568 2682 προσχώρους

180 2713 322 2789 Σιδῖται
342 2704 616 2812 ἐβαρβάριζοιθ.
668 2712 751 2784 Ηοο
769 2707 938 2783 nimirum
956 2734 1025 2782 usu
1043 2709 1150 2782 venit.
1194 2709 1414 2808 Exemplum
1428 2709 1567 2806 insigne

180 2851 349 2936 prestant
368 2835 523 2914 Cumani
541 2831 748 2930 Campania
764 2829 810 2903 de
824 2829 957 2928 quibus
970 2829 1130 2904 breviter
1146 2829 1368 2917 Paterculus,
1390 2827 1567 2905 Cumanos

183 2957 273 3034 Osca
290 2955 437 3032 mutavit
452 2952 600 3042 οἱοὶνιὶθ,
618 2966 656 3026 et
671 2953 711 3026 in
721 2975 835 3050 genus
853 2950 981 3024 inootae
998 2951 1141 3048 Magnae
1153 2949 1314 3038 Graecia,
1332 2975 1424 3048 quos
1442 2974 1566 3022 omnes

178 3082 214 3154 iu
227 3077 489 3152 barbarismum
502 3075 620 3172 lapsos
637 3085 769 3172 praeter
780 3069 1005 3155 Tarentinos,
1020 3067 1214 3166 Rheginos,
1233 3081 1273 3142 et
1300 3068 1565 3166 Neapolitanos,

178 3200 310 3274 diserte
341 3171 451 3272 tradit
483 3192 638 3280 Strabo¹,
668 3191 707 3266 id
741 3191 840 3288 quod
869 3192 1014 3290 egregie
1042 3189 1276 3266 confirmatur
1305 3215 1370 3290 per
1398 3217 1564 3264 nummos

180 3321 425 3396 Cumanorum
444 3318 540 3392 Osca
555 3314 771 3390 referentes.
1472 3390 1474 3398 Ι

253 3441 382 3533 Neque
410 3438 447 3510 in
475 3461 514 3508 re
539 3437 694 3508 instante
712 3434 814 3507 abest
834 3456 1063 3506 nummorum
1085 3430 1184 3505 fides.
1237 3432 1364 3504 Testes
1391 3445 1475 3504 sunt
1498 3433 1566 3504 As-

178 3561 301 3660 pendii
327 3561 366 3634 in
392 3559 524 3655 quibus
551 3555 711 3632 cernitur
738 3553 933 3652 epigraphe
963 3555 1115 3628 barbara
1153 3557 1446 3636 extrenum
1483 3576 1565 3646 quae

178 3683 366 3782 insigniter
382 3703 464 3752 cum
482 3675 589 3750 titulo
607 3699 715 3772 quem
733 3697 831 3746 nunc
848 3673 896 3746 ob
913 3671 1037 3744 oculos
1054 3670 1252 3768 legentium
1275 3693 1371 3766 pono
1388 3670 1564 3766 congruit,

179 3805 359 3904 digammo
385 3803 424 3874 in
451 3824 559 3897 quam
587 3797 752 3899 plurimis
779 3795 895 3880 obvia,
922 3817 1063 3868 necnon
1095 3792 1224 3889 saepius
1246 3802 1483 3864 concurrente
1501 3789 1564 3864 du·

183 3949 265 4046 plici
281 3954 302 4033 Ι,
317 3959 358 4019 ut
375 3943 499 4017 videre
516 3940 626 4014 estin
640 3964 698 4012 vv.
715 3941 744 4010 l.
760 3940 792 4010 2.
807 3937 838 4008 3.
851 3939 883 4007 5.
899 3947 965 4007 etc.
995 3931 1202 4026 Quinetiam
1220 3929 1320 4025 quod
1332 3927 1479 4002 tradidit
1496 3928 1565 4002 his-

217 4203 230 4239 ¹²
245 4203 380 4280 Expedit.
396 4198 555 4258 Alexandr.
569 4215 588 4254 ι.
603 4195 649 4256 26.
939 4189 946 4226 ¹
964 4188 1056 4247 Eckh.
1070 4188 1110 4245 D.
1121 4189 1160 4246 N.
1174 4187 1230 4246 vol.
1242 4205 1261 4244 1.
1275 4207 1302 4264 p.
1315 4189 1379 4245 lll.
1392 4189 1420 4244 b.

219 4302 226 4342 '¹
246 4303 323 4360 Hist.
340 4318 358 4358 u
373 4301 439 4357 42
936 4295 956 4324 ¹¹³
967 4287 1059 4346 Eclrh.
1069 4288 1126 4346 vol.
1136 4303 1178 4345 ιιι.
1189 4305 1217 4363 p.
1226 4289 1253 4351 9.
1274 4286 1301 4342 N
1304 4305 1362 4344 um.
1375 4285 1442 4343 Vet.
1452 4287 1561 4344 Anecd.

218 4401 231 4438 ¹
246 4401 309 4460 Lib.
325 4416 365 4457 vr.
379 4418 403 4456 c.
418 4401 442 4455 l.
457 4396 513 4454 sub
525 4394 590 4451 init.
898 4407 925 4464 p.
935 4389 1001 4450 219.
