3972 5240
462 585 525 649 234
868 575 1218 646 INSORIPTIONES
1241 577 1433 645 GRAEGAE.
1560 576 1679 668 [rusca.
1695 597 1843 642 ccxxxrv.

541 770 653 844 Plura
669 781 705 843 et
722 768 879 855 meliora,
902 792 969 866 pro
987 793 1024 841 se
1043 767 1205 864 quisque,
1223 766 1484 864 excogitabant
1500 765 1609 842 docti.
1641 767 1762 840 Pauca
1777 777 1849 840 tan·

465 905 543 965 tum
566 892 604 963 in
621 889 891 987 presentiarum
909 887 1102 962 delibanda
1118 888 1244 962 censui
1260 911 1371 983 quum
1390 911 1448 960 res
1467 911 1548 962 mea
1564 887 1611 960 rit
1626 885 1848 983 potissimum

466 1037 548 1086 cum
569 1011 706 1088 Graecis
734 1035 815 1106 quae
832 1031 881 1084 ex
897 1009 1067 1106 congerie
1084 1007 1168 1082 rudi
1184 1007 1427 1103 insolentique
1444 1032 1571 1082 eruere
1588 1019 1738 1080 conatus
1764 1029 1847 1078 sum.

467 1136 511 1206 In
534 1133 663 1207 ceteris
686 1157 768 1229 quae
791 1131 838 1206 ad
863 1127 957 1205 hanc
985 1130 1264 1228 explicationem
1285 1129 1491 1226 pertineant
1507 1128 1566 1202 via
1581 1123 1776 1223 quaerenda
1797 1137 1849 1196 est

467 1253 666 1352 palpand03
703 1253 888 1351 ingenium
918 1275 1126 1348 sensusque,
1154 1251 1241 1325 dum
1269 1263 1368 1324 certa
1398 1249 1527 1346 aliquis
1554 1245 1714 1344 cognitio
1741 1245 1847 1328 abest

466 1372 679 1446 exercenda.
732 1375 908 1446 Attamen
932 1371 1032 1468 (quis
1056 1367 1270 1467 subjecerit)
1292 1368 1371 1442 haec
1394 1393 1467 1441 non
1491 1365 1691 1454 sufficiunt3
1718 1387 1847 1438 caecum

467 1492 602 1585 absque
620 1488 785 1562 docmina
809 1487 1005 1586 ingenium,
1024 1511 1149 1560 sensus
1175 1485 1307 1576 fallax;
1333 1497 1375 1559 ut
1401 1486 1520 1559 minus
1547 1497 1633 1557 nota
1649 1484 1848 1556 elucescant

466 1607 662 1705 confugere
681 1617 824 1704 oportet
845 1604 892 1678 ad
914 1605 1075 1693 notiora;
1103 1603 1172 1678 hue
1183 1603 1374 1678 dumtaxat
1394 1603 1535 1678 ratione
1557 1601 1846 1698 complanandam

468 1751 545 1800 esse
559 1727 664 1813 mam,
678 1725 931 1823 judiciumque
944 1749 1019 1822 prae
1036 1749 1110 1820 quo
1127 1725 1233 1798 nauci
1247 1737 1378 1798 suntet
1390 1722 1576 1821 ingenium
1589 1733 1627 1794 et
1640 1746 1766 1794 sensus
1784 1721 1846 1794 rite

467 1846 720 1922 adhibendum.
788 1847 880 1922 Haec
913 1845 1076 1944 profecto
1106 1869 1192 1918 vera
1221 1856 1325 1936 sunt;
1363 1843 1429 1918 sed
1455 1867 1529 1938 quo
1558 1866 1616 1914 me
1647 1855 1846 1914 convertam

467 1968 598 2042 nescio.
651 1967 745 2042 Cum
771 1968 967 2064 Lyciorum
994 1991 1158 2040 sermone
1189 1966 1253 2061 qui
1281 1964 1459 2038 hodierno
1486 1977 1648 2062 tempore
1673 1965 1846 2038 solertiam

467 2087 626 2159 virorum
660 2085 1036 2184 praestantissimorum
1065 2085 1161 2170 inter
1187 2095 1421 2158 monumenta
1458 2097 1679 2182 satraparum
1715 2109 1847 2158 versan-

467 2207 556 2280 tium
575 2206 666 2280 adeo
684 2205 830 2280 vexavit
847 2204 1027 2280 affinitatis
1054 2229 1127 2278 non
1157 2203 1249 2277 nihil
1276 2202 1428 2278 fortasse
1451 2203 1588 2278 habent
1603 2231 1687 2302 quae
1702 2205 1761 2278 hic
1777 2207 1847 2276 bar·

466 2327 565 2401 barie
600 2325 758 2400 obducta
787 2325 1027 2423 proferuntur.
1097 2327 1182 2400 Hoc
1211 2326 1271 2398 vel
1304 2350 1352 2399 ex
1386 2325 1623 2422 quarumdam
1655 2325 1847 2398 litterarum

466 2445 591 2519 formis
619 2443 878 2518 autumandum
900 2445 1048 2542 opinor.
1103 2447 1227 2542 AEquo
1236 2446 1318 2542 jure
1336 2443 1475 2518 dixerit
1491 2445 1583 2518 alter
1598 2444 1847 2518 illustrationes
1970 2485 1971 2494 ι

467 2567 513 2640 ab
530 2565 709 2638 Aramaeis
732 2565 916 2664 petendas,
943 2568 1112 2642 nimirum
1139 2593 1206 2666 pro
1229 2568 1446 2643 commercio
1475 2567 1638 2666 gentium
1663 2580 1701 2640 et
1717 2563 1846 2638 vicinia

468 2685 559 2757 Haec
577 2709 614 2758 se
632 2683 886 2758 commendant
904 2685 1009 2758 satis:
1037 2686 1176 2763 utinam
1193 2687 1379 2760 exoriatur
1395 2687 1546 2786 peritior
1563 2688 1644 2784 quis
1661 2700 1699 2760 et
1716 2685 1848 2760 doctior

468 2804 590 2877 lumen
607 2803 703 2876 inter
721 2804 914 2902 Lyciorum
947 2806 1056 2878 saltus
1085 2807 1328 2880 tenebricosos
1355 2832 1581 2892 accensurus,
1609 2807 1670 2878 cui
1696 2807 1846 2879 laborem

468 2952 589 3001 meum
619 2927 877 3000 exantlandum
902 2928 1102 3002 traderem!
1156 2929 1228 3022 Qui
1245 2953 1455 3026 compagem
1482 2927 1752 3026 grammaticam
1780 2929 1849 2998 bar·

468 3047 563 3120 baris
580 3047 667 3144 ipsis
684 3044 775 3119 adeo
792 3045 989 3120 inauditam
1018 3059 1060 3120 ut
1087 3071 1152 3120 sua
1172 3047 1326 3144 amplius
1343 3071 1536 3144 agnoscere
1553 3059 1761 3120 recusantes
1773 3048 1847 3141 jure

468 3166 675 3264 depinxeris
693 3163 739 3239 ad
756 3164 927 3238 formulas
945 3181 1048 3238 notas
1065 3167 1370 3240 accommodaret!
1423 3167 1523 3240 Huic
1549 3183 1718 3266 prompta
1734 3169 1848 3240 volun·

469 3299 541 3358 tate
564 3310 709 3383 operam
727 3285 917 3358 detulerim
946 3285 993 3358 ad
1010 3286 1080 3359 iter
1096 3287 1397 3383 complanandum
1422 3301 1460 3360 et
1480 3288 1556 3384 ipse
1582 3301 1747 3384 paratus;
1774 3311 1846 3360 nam

468 3403 527 3476 vel
545 3403 660 3500 primo
678 3403 812 3475 intuitu
830 3427 886 3476 me
903 3427 1113 3500 persuasum
1129 3403 1246 3478 habeo
1263 3431 1367 3502 posse
1385 3405 1422 3478 in
1437 3407 1586 3480 vocibus
1604 3407 1848 3506 singularibus,

467 3523 535 3596 hac
552 3523 726 3610 etaltera,
749 3521 1040 3618 adjumentorum
1059 3549 1139 3622 quae
1156 3525 1303 3596 memini
1321 3549 1400 3622 ope,
1414 3527 1700 3600 enucleationem
1717 3526 1846 3600 confici.

470 3647 599 3741 Quoad
622 3647 770 3743 reliqua,
789 3637 909 3746 ἀνέξω
930 3637 1100 3740 ἐμαυτόν,
1122 3641 1161 3720 εὖ
1179 3647 1307 3721 ποιῶν·
1328 3643 1549 3747 παραίνεσιν
1570 3643 1614 3723 δέ
1629 3680 1712 3725 τινα
1722 3642 1849 3748 μικρὰν

468 3769 528 3848 καὶ
563 3764 750 3866 ὑποθήκας
782 3763 916 3850 ταύτας
945 3766 1076 3868 ὀλίγας
1108 3764 1345 3866 ὑποθήσομαι
1368 3815 1381 3828 -
1405 3815 1418 3828 -
1443 3815 1456 3826 -
1481 3815 1494 3828 -
1516 3772 1564 3852 ὡς
1592 3769 1849 3872 κοινωνήσαιμι

467 4023 588 4100 speciem
608 4023 698 4081 refert
713 4023 809 4101 Lycioe
829 4041 893 4098 que
911 4021 1086 4080 efferebatur
1099 4021 1136 4080 si·
1225 4023 1521 4099 tLocudseignantur
1535 4025 1565 4082 in
1579 4025 1687 4101 quibus
1700 4025 1745 4082 hae
1758 4041 1848 4082 occur·

467 4132 519 4180 eut
541 4131 674 4180 nostrum
690 4121 736 4198 pla
777 4121 849 4190 Hoc,
864 4121 920 4178 nisi
941 4121 1137 4196 fragmentum
1187 4131 1259 4177 runt
1272 4120 1348 4178 infra
1361 4122 1417 4178 sub
1430 4121 1517 4180 finem
1532 4141 1584 4179 vv.
1597 4139 1642 4181 tn.
1683 4123 1779 4181 Facile
1791 4141 1848 4200 per·

468 4225 506 4280 sit
520 4223 600 4280 illius
613 4241 677 4298 qua·
690 4223 804 4298 integro
818 4241 960 4278 marmore
973 4222 1135 4291 exstiterat,
1187 4219 1317 4296 spicient,
1339 4239 1392 4296 pro
1412 4240 1442 4278 se
1462 4223 1592 4298 quisque,
1612 4223 1732 4281 lectores
1752 4223 1847 4280 horum

469 4333 502 4390 Δ,
517 4319 594 4396 quod
608 4322 659 4377 uix
673 4320 862 4396 probaverim.
1188 4319 1321 4376 studiosi.
