3992 5240
175 583 283 631 maon.
298 585 392 640 cava,
406 570 520 650 carra]
815 563 944 632 Tuos.
1508 571 1569 636 135

175 751 332 839 Deinde,
345 777 367 826 a
379 779 411 826 v.
426 757 481 828 10.
493 765 623 826 cuncta
640 777 786 852 prorsus
804 753 956 850 disjecta
972 766 1083 841 erant,
1095 755 1187 829 adeo
1204 767 1246 828 ut
1263 756 1434 829 lectiones
1453 771 1569 832 certas

175 899 286 947 nemo
304 871 456 946 definire
473 874 595 971 possit.

254 996 346 1068 Haeo
362 1017 446 1066 cum
465 993 641 1068 similibus
659 994 807 1068 uberius
828 993 980 1093 posthac
996 995 1167 1068 tractabo.
1202 997 1338 1070 Moneo
1349 1007 1488 1070 tantum
1500 998 1568 1070 leo-

176 1127 295 1188 torem
328 1135 387 1186 me
417 1111 464 1186 ad
494 1111 715 1213 Cydoniatae
749 1113 847 1188 hunc
880 1115 1027 1188 titulum
1060 1115 1226 1190 retulisse
1254 1129 1403 1214 propter
1436 1141 1567 1190 nomen

177 1237 645 1308 tommavmmtaruz
661 1234 699 1306 in
718 1258 750 1306 v.
765 1236 832 1321 12,
850 1233 948 1308 illius
965 1234 1117 1309 fortasse
1130 1236 1193 1334 qui
1211 1235 1257 1310 ad
1274 1237 1466 1334 populares
1485 1263 1568 1311 suos

177 1354 318 1452 legatos
336 1353 509 1427 Teiorum
531 1353 743 1441 adduxerat,
761 1365 804 1427 ut
823 1355 1041 1453 Agesander
1063 1355 1110 1429 ad
1128 1355 1318 1429 Rhaucios.
1365 1357 1568 1431 Fatendum

178 1487 236 1548 est
253 1471 423 1569 equidem
439 1471 510 1546 hoc
527 1487 780 1572 argumentum
797 1499 872 1548 non
889 1477 935 1548 ab
953 1475 1051 1549 omni
1073 1488 1174 1574 parte
1191 1477 1238 1550 ad
1255 1479 1491 1573 questionem
1509 1505 1570 1552 ex·

177 1593 394 1694 pediendam
413 1593 544 1680 valere,
567 1595 768 1691 praesertim
791 1594 829 1666 in
851 1593 958 1676 titulo
976 1593 1093 1692 qualis
1109 1593 1170 1670 hio
1187 1607 1242 1670 est
1260 1607 1297 1670 et
1314 1619 1423 1684 cmv,
1441 1623 1569 1671 manco

178 1729 218 1789 at
238 1729 442 1813 praerupto:
472 1715 536 1790 sed
559 1715 718 1790 dilucide
736 1729 900 1791 constare
917 1717 1028 1792 credo
1049 1729 1218 1790 neutrum
1236 1742 1341 1816 posse
1365 1743 1413 1791 ex
1441 1722 1569 1817 quovis

178 1837 244 1934 qui
261 1835 412 1910 antehac
423 1836 540 1910 editus
557 1836 668 1912 suerit
684 1835 858 1936 singulari
873 1837 1168 1912 instaurationem
1180 1862 1317 1936 capere.
1353 1839 1426 1930 Qui
1438 1855 1569 1937 praesto

178 1970 236 2030 est
253 1956 430 2054 congruit,
443 1968 485 2029 ut
501 1955 589 2044 dixi,
607 1981 691 2030 cum
710 1957 866 2032 Istronio
883 1956 1063 2052 usquead
1079 1982 1111 2028 v.
1132 1959 1163 2032 9.
1215 1957 1311 2030 Dein
1328 1959 1440 2031 verba
1456 1960 1493 2031 in
1514 1963 1569 2032 12.

177 2082 667 2152 ΛΟΙΙἹΑΣΟΙΚΟΝΟΜΙΑΣ
683 2077 730 2152 ad
756 2091 914 2152 mentem
938 2058 1114 2154 'revocant
1130 2078 1317 2154 decretum
1334 2080 1568 2166 AEtolorum⁶‚

177 2221 357 2294 nusquam
374 2221 461 2270 vero
478 2209 707 2295 comparente
725 2197 764 2270 in
781 2199 988 2278 eonomine
1007 2199 1159 2276 Solonis.
1212 2201 1366 2298 Oportet
1387 2201 1497 2299 igitur
1523 2203 1570 2275 ad

178 2319 333 2394 corollas
350 2331 490 2393 nostras
506 2319 715 2418 plectendae
732 2319 838 2394 flores
855 2320 940 2394 hinc
957 2321 1042 2396 inde
1061 2321 1303 2419 decerpamus.

802 2507 956 2582 CLVII.

181 2699 195 2712 ·
220 2699 233 2713 ·
258 2699 272 2712 ·
294 2652 346 2759 τῷ
366 2648 468 2758 δήμιρ
488 2657 561 2730 τῶν
580 2650 717 2751 Τηίων·
736 2647 889 2752 Ἐπειδὴ
911 2649 1069 2756 Κράτων
1089 2655 1258 2758 Ζωτίχου
1278 2655 1299 2733 ὁ
1318 2649 1571 2735 Χολκεδύνιος

180 2787 241 2864 καὶ
262 2781 444 2867 Κολύπας
474 2829 488 2842 -
520 2829 534 2842 -
567 2829 581 2842 -
612 2776 663 2862 ὧν
681 2782 834 2884 μηδέπω
851 2818 907 2868 τις
923 2783 1176 2888 προσήκουσα
1204 2785 1385 2889 θρησκεία
1415 2831 1428 2844 -
1461 2831 1475 2844 -
1509 2831 1522 2844 -
1555 2832 1569 2844 -

181 2921 386 3010 νεωποιοῖς,
408 2915 630 3023 ἐφέλκοντες
650 2913 689 2996 δὲ
721 2963 735 2980 ·
768 2963 781 2977 -
814 2963 827 2977 -
861 2962 875 2977 -
906 2915 967 2996 διὰ
996 2921 1062 3017 τῆς
1086 2915 1247 3000 κατὰτὰ
1270 2923 1351 2998 θεῖα
1370 2919 1570 3022 θρησκείας

179 3045 451 3153 προσηκούσης
477 3050 538 3128 καὶ
567 3052 632 3148 τῆς
655 3045 716 3142 ἀπ’
738 3049 858 3128 αὐτῶν
889 3047 1103 3152 εὐεργεσίας
1128 3045 1249 3149 τιμήν·
1302 3044 1490 3154 Δεδύχθαι
1521 3051 1568 3156 τῇ

180 3183 309 3286 Βουλῇ
329 3181 390 3262 καὶ
408 3183 460 3289 τῷ
471 3179 588 3288 Δήμιρ
608 3175 675 3280 τὴν
690 3180 826 3260 θυσίαν
847 3185 1043 3260 συντελεῖν
1052 3174 1269 3283 πρεπόντως
1284 3184 1334 3263 είς
1348 3175 1417 3279 τὴν
1428 3179 1569 3283 ἡμέραν

179 3323 247 3396 τοῦ
277 3309 606 3420 προκυθηγεμύνος
637 3317 723 3392 θεοῦ
743 3307 935 3392 Διονύσου
967 3312 1071 3416 ε’ντῇ
1094 3307 1235 3416 ἀνοίξει
1266 3319 1333 3392 τοῦ
1366 3310 1447 3408 νεώ,
1475 3347 1570 3410 συμ-

179 3448 439 3553 πορευομένων
457 3453 531 3527 τῶν
550 3444 704 3553 ἐφήβων
723 3449 785 3526 καὶ
813 3453 880 3525 τοῦ
901 3444 1022 3548 ἱερέως
1045 3446 1119 3524 τῶν
1142 3445 1286 3525 παίδων
1305 3447 1442 3530 ἐντοῖς
1461 3439 1571 3549 α’ίραις

180 3587 246 3682 τῆς
265 3578 441 3686 ἀνοίξεως
461 3581 521 3659 καὶ
541 3579 720 3662 κλείσεως
739 3586 806 3659 τοῦ
827 3575 907 3671 νεώ,
929 3579 989 3656 καὶ
1007 3574 1101 3676 μετὰ
1116 3586 1182 3657 τοῦ
1197 3575 1321 3682 ἱερέως
1338 3574 1572 3682 πρεπούσαις

180 3713 389 3819 ἀρεσκείαις
419 3715 480 3793 καὶ
511 3716 715 3811 θυμιᾶσθαι
746 3713 806 3790 καὶ
827 3707 1111 3814 λυχνύπτεσθαι
1135 3715 1188 3794 είς
1206 3705 1274 3810 τὴν
1293 3717 1360 3790 τοῦ
1379 3708 1572 3791 Διονύσου

179 3847 348 3952 πορείαν,
363 3841 449 3930 τούς
468 3879 508 3924 τε
528 3843 712 3949 ἄρχοντας
724 3848 789 3944 τῆς
808 3839 954 3927 πόλεως
973 3843 1029 3922 ἀεὶ
1048 3840 1150 3922 θύειν
1162 3839 1324 3923 ἑκάστου
1335 3837 1451 3942 μηνὸς
1464 3845 1568 3921 ἱστα-

179 3980 293 4080 μένου
313 3975 455 4084 ἑβδόμῃ
476 3977 696 4084 εὐχομένους
716 3975 807 4081 ύπέρ
828 3982 893 4077 τῆς
912 3973 1057 4062 πόλεως
1076 3975 1123 4057 τὰ
1149 3973 1352 4073 κάλλιστα,
1372 3972 1439 4056 τὸν
1459 3973 1499 4054 δὲ
1523 3976 1571 4059 εἵς

181 4148 216 4192 τι
247 4107 389 4192 τούτων
407 4107 736 4211 πλημμελήσαντα
757 4103 847 4188 εἶναι
879 4110 1015 4207 ἀσεβῆ,
1036 4107 1316 4213 ἐγχαραχθῆναί
1342 4141 1383 4186 τε
1413 4103 1498 4186 τόδε
1529 4105 1571 4186 τὸ

320 4239 507 4348 ψηφισμα
526 4245 566 4322 ἐν
584 4245 636 4350 τῷ
656 4245 761 4350 σηκῷ
781 4250 847 4324 τοῦ
866 4239 1061 4322 Διονύσου
1081 4237 1196 4341 νύμου
1215 4238 1324 4346 νύξιν
1345 4229 1442 4345 ἕχον.

655 4413 668 4451 ι
684 4415 765 4480 ama
781 4413 850 4472 iaia.
865 4433 893 4470 n.
904 4409 989 4472 ³046.
1005 4431 1031 4468 v.
1045 4414 1087 4470 15.
