3952 5238
460 573 523 635 274
1009 569 1302 639 AUOTARIUM.
1527 572 1647 660 [insen.
1663 593 1848 652 xnv.,xtrr.

460 757 496 820 P.
511 756 548 822 C.
566 757 647 821 312r.
666 759 753 842 (non,
769 765 806 818 ut
824 755 920 822 tradit
934 755 1078 834 Pitiscus,
1102 758 1190 844 313.)
1215 771 1286 844 post
1308 755 1473 822 victoriam
1493 757 1533 824 de
1557 759 1727 825 Maxentio
1753 782 1850 846 repor-

460 876 567 938 tatam,
584 885 643 926 nec
659 863 699 926 ob
721 861 803 926 hane
825 885 958 940 causam,
974 861 1029 927 sed
1043 863 1148 949 potius
1164 863 1203 928 ad
1221 862 1439 929 celebrandam
1454 862 1618 929 victoriam
1634 865 1848 930 Veronensem

460 983 492 1032 et
518 969 630 1034 Galliae
654 967 821 1054 Cisalpiuae
851 966 1103 1046 debellationem,
1128 979 1165 1032 ut
1193 967 1408 1056 probabilibus
1436 968 1609 1034 rationibus
1638 970 1739 1036 nixus
1767 971 1850 1036 docet

460 1074 615 1139 Melicas!
662 1074 788 1139 Tertius
813 1086 879 1139 erat
902 1075 1093 1140 Pontificum
1114 1075 1263 1142 Ecclesiae
1290 1075 1439 1140 Romanae
1465 1073 1521 1160 qui
1546 1099 1644 1161 usque
1667 1075 1709 1140 ad
1732 1088 1848 1140 aetatem

460 1178 566 1244 Caroli
591 1179 703 1266 Magni
722 1179 891 1243 utebantur
913 1178 1003 1265 cyclo
1019 1177 1170 1254 Caesareo,
1194 1177 1250 1242 sed
1274 1189 1389 1264 postea,
1414 1177 1533 1265 regiam
1548 1177 1739 1266 dignitatem
1763 1176 1849 1252 nacti,

461 1285 605 1373 periodos
620 1285 794 1362 mutabant,
809 1283 902 1348 initio
916 1283 998 1350 facto
1013 1307 1084 1348 eum
1103 1283 1173 1348 Kal.
1189 1284 1211 1350 J
1213 1307 1318 1348 anuar.
1335 1284 1407 1348 313.

526 1393 624 1456 Notat
644 1391 828 1456 Eclrheliust
852 1396 908 1473 (ex
924 1390 1100 1473 Bandurio)
1123 1389 1205 1454 hane
1228 1389 1394 1455 formulam
1418 1388 1634 1455 Indictionum
1657 1389 1798 1476 primum
1820 1388 1848 1452 in

461 1498 598 1562 nummis
622 1497 748 1562 obviam
772 1521 836 1563 esse
856 1511 1006 1585 regnante
1022 1497 1188 1576 Mauricio,
1210 1499 1271 1564 hoc
1294 1512 1351 1576 est,
1368 1498 1405 1562 P.
1419 1497 1456 1562 C.
1473 1497 1631 1564 esa-602.
1678 1495 1806 1562 Deinde
1819 1496 1848 1558 in

462 1617 602 1689 tempore
617 1602 759 1668 Heraclii
775 1603 800 1667 I.

527 1712 733 1786 Accedamus,
759 1711 809 1776 his
834 1713 951 1800 positis,
976 1712 1015 1778 ad
1037 1713 1190 1799 epocham
1219 1713 1304 1778 tituli
1329 1713 1426 1778 nostri
1455 1713 1508 1780 cui
1534 1713 1699 1800 subjicitur
1726 1709 1847 1787 ΙΝΔΗ,

461 1816 522 1879 hoo
542 1830 597 1892 est,
623 1841 704 1882 anno
727 1820 1024 1882 concatenationis,
1069 1816 1273 1882 Manifestum
1298 1831 1345 1882 est
1365 1841 1422 1883 nos
1437 1841 1547 1906 parum
1562 1843 1605 1883 ex
1624 1819 1685 1886 hoc
1703 1821 1848 1908 proficere

462 1921 538 1984 ‹lum
554 1920 672 1986 incerta
697 1934 804 1986 manet
825 1919 957 1986 indictio
971 1918 1023 1984 oui
1044 1934 1158 1983 notam.
1176 1919 1369 1984 numeralem
1392 1919 1550 2006 propriam
1576 1921 1770 2008 subjungere
1791 1947 1848 1987 non

461 2041 527 2091 erat
550 2025 752 2114 scriptoribus
775 2025 933 2090 usitatum.
990 2023 1170 2090 Probabilia
1193 2050 1268 2090 vero
1293 2026 1415 2111 assequi
1438 2050 1601 2114 possumus
1626 2027 1652 2092 si
1672 2043 1847 2116 reputamus

462 2132 763 2197 administrationem
789 2129 929 2196 Orientis
952 2129 1046 2195 fuisse
1072 2155 1091 2194 a
1115 2145 1203 2218 patre
1218 2130 1403 2196 Constantio
1427 2132 1573 2196 traditam
1600 2133 1633 2196 in
1655 2157 1741 2200 anno
1765 2136 1799 2199 P.
1814 2135 1846 2198 C.

463 2242 549 2304 335⁰.
574 2240 724 2303 nimirum
747 2239 931 2304 decurrente
946 2249 1044 2302 oetam
1069 2260 1150 2301 anne
1167 2239 1302 2303 remmio
1324 2239 1501 2312 iadidmnie,
1525 2260 1588 2322 quo
1613 2249 1757 2324 tempore
1780 2238 1848 2302 fidei

462 2370 634 2412 consonum
649 2360 696 2411 est
710 2344 906 2408 munimenta
922 2341 1165 2430 Aphrodisiadis
1185 2355 1423 2428 ceterorumque
1442 2343 1754 2430 propugnaculorum
1768 2344 1847 2408 Asiae

462 2466 570 2516 eontra
584 2451 649 2515 vim
666 2450 831 2514 Persarum
854 2448 948 2513 fuisse
971 2447 1122 2514 restituta.
1168 2447 1293 2514 Deinde
1318 2447 1353 2512 iu
1373 2473 1454 2512 anno
1480 2449 1638 2525 tta-350,
1661 2473 1762 2535 quum
1786 2452 1846 2535 jam

368 2569 370 2576 '
462 2571 603 2622 moturus
617 2569 698 2620 esset
720 2567 877 2620 certamen
901 2553 1116 2641 Magnentius,
1137 2565 1171 2618 et
1184 2553 1412 2618 administratio
1428 2553 1568 2620 Orientis
1583 2554 1767 2642 bellumque
1781 2580 1846 2620 omn

413 2655 420 2668 ’
462 2664 556 2728 Persa
578 2663 689 2751 legatis
712 2662 993 2750 permitterentur&
1014 2660 1091 2746 quid
1111 2661 1304 2748 probabilius
1327 2675 1374 2726 est
1397 2685 1492 2747 quam
1514 2660 1573 2726 hac
1601 2661 1669 2750 ipsa
1691 2665 1847 2729 occasione

461 2768 575 2832 iterum
597 2768 694 2833 factas
714 2766 809 2832 srusse
831 2766 983 2832 moenium
1006 2766 1235 2853 reparationes?
1281 2765 1345 2832 Sed
1369 2767 1423 2834 hic
1446 2791 1553 2846 annue,
1574 2785 1612 2834 ut
1628 2771 1783 2836 caleulum
1804 2771 1846 2834 in-

462 2874 603 2938 stituenti
615 2872 736 2961 patebit
744 2887 810 2938 erat
820 2885 939 2938 οαταννο
952 2875 1124 2938 inditioaie
1137 2876 1238 2940 tertia.
1264 2873 1536 2940 Conveneritideo
1547 2876 1675 2963 epochae
1686 2878 1847 2964 praefinitio

463 2978 563 3064 qualis
577 2982 611 3042 in
634 2977 727 3042 titulo
743 2977 878 3042 occurrit
901 2976 1026 3062 utrique
1045 2976 1137 3065 ,operi
1161 2991 1193 3040 ct
1216 2976 1411 3064 Hegemonis
1425 2993 1458 3044 et
1472 2979 1610 3058 Patroni,
1634 2983 1846 3050 subintellecto

461 3099 583 3150 tantum
598 3107 728 3149 numero
743 3082 925 3148 indictionis
944 3083 999 3168 qui
1011 3083 1165 3149 occasioni
1180 3083 1255 3150 huic
1270 3084 1322 3150 vel
1337 3084 1426 3151 alteri
1441 3085 1535 3151 fuerit
1549 3088 1703 3176 proprius.

526 3189 694 3256 Videbunt
707 3189 847 3277 legentes
861 3188 1032 3255 clausulam
1047 3189 1133 3254 tituli
1148 3190 1277 3254 omnino
1291 3189 1426 3256 similem
1443 3191 1519 3258 huic
1539 3207 1652 3258 nostras
1675 3195 1757 3261 inter
1773 3195 1846 3260 Tar-

462 3321 562 3361 senses
578 3295 605 3360 F
606 3296 712 3360 ranzii.
729 3321 759 3360 n.
769 3299 863 3361 4438.
882 3301 909 3360 7.
926 3320 962 3360 ss.

1096 3509 1222 3574 XLVI.

528 3656 556 3717 2.
579 3653 673 3739 ’Υπὲρ
689 3655 815 3740 ὑγιείας.
861 3653 1042 3718 Formulam
1062 3653 1196 3718 illustrat
1210 3654 1320 3720 titulus
1337 3657 1553 3724 Osannianus'
1569 3685 1610 3724 ex
1631 3662 1730 3727 insula
1744 3663 1846 3726 Thera

461 3771 654 3848 reportatus:
677 3762 754 3848 ὑπὲρ
768 3771 824 3838 τῆς
842 3768 897 3828 τοῦ
912 3763 1062 3846 μεγίστου
1078 3767 1127 3828 καὶ
1143 3759 1223 3828 θεῶν
1243 3765 1474 3848 ἐμφανεστάτον
1492 3766 1723 3856 αὐτοκράτορος
1739 3768 1847 3855 Νίρβα

462 3874 629 3954 Τραϊανοῦ,
646 3871 805 3952 καίσαρος,
822 3866 993 3954 σεβαατοῦ,
1008 3877 1207 3955 γερμανικοῦ,
1223 3867 1359 3948 laxante,
1374 3873 1556 3958 ὑγιείαςκαὶ
1582 3873 1729 3962 διαμονῆς
1744 3907 1770 3944 κ.
1782 3907 1807 3943 τ.
1818 3879 1845 3942 λ.

494 4121 503 4146 ¹
522 4117 600 4162 Petav.
613 4115 659 4162 ubi.
672 4129 732 4174 supr.
1212 4125 1223 4149 ⁹
1240 4119 1313 4166 Eoklu
1325 4121 1380 4166 ibid.
1389 4135 1412 4180 p.
1423 4124 1459 4168 77.
1472 4134 1493 4168 a

493 4207 501 4230 ¹
524 4201 620 4248 Gibbon.
639 4200 700 4247 Hist
719 4215 738 4246 a
754 4213 807 4247 xrv.
824 4217 846 4260 p.
859 4205 896 4248 84.
916 4209 963 4250 not
977 4201 1013 4266 (a)
1025 4211 1049 4251 et
1064 4217 1127 4250 xvu.
1212 4210 1222 4234 v
1238 4203 1367 4250 'l'heodorit
1381 4217 1420 4252 ru.
1434 4207 1456 4252 3.
1468 4219 1490 4265 p
1502 4207 1553 4254 125.
1572 4206 1659 4254 Julian.
1674 4209 1735 4255 om.
1750 4221 1766 4254 r.
1779 4223 1801 4267 ρ
1812 4213 1846 4256 tr.

460 4300 480 4344 p.
495 4287 549 4331 333.
561 4290 608 4331 not.
619 4284 631 4346 (
644 4283 663 4346 ).
1180 4289 1278 4336 Glbbon
1291 4301 1396 4337 exvrrr.
1406 4303 1427 4349 p.
1438 4291 1493 4337 882.

492 4371 499 4401 ⁸
519 4370 597 4416 Doctr.
609 4370 639 4416 N.
652 4369 696 4417 vol
706 4383 764 4418 vnr.
776 4386 813 4431 pp
827 4373 881 4418 221.
895 4373 948 4418 224.
1213 4379 1228 4402 '
1242 4373 1329 4435 Syllog.
1343 4373 1414 4421 lusor.
1424 4387 1452 4422 rr.
1467 4375 1504 4420 18.
