3952 5238
154 593 255 639 ιιιοοιι.
271 577 381 660 extu]
699 573 1024 642 APHRODISIAS.
1484 579 1546 643 303

153 759 264 826 dicunt
282 762 441 847 ἐγγόνους
451 781 516 825 esse
531 759 617 844 juste
631 758 858 848 significatione
872 771 999 848 nepotes,
1014 773 1047 826 et
1061 783 1143 837 vere,
1158 760 1256 826 sedet
1269 759 1435 846 sliqueudo
1451 761 1543 828 latius

154 865 328 952 accipitur:
355 887 410 930 ex.
430 889 456 931 c.
478 881 526 931 est
543 889 699 953 pronepos
722 865 756 930 in
781 865 875 932 titulo
901 866 1063 932 Peterensi
1087 865 1269 932 Fellowsii‘:
1298 866 1373 932 elias
1399 871 1542 956 ἔκγονος,

144 975 255 1060 βίου’.
300 971 391 1039 Alias
422 971 596 1060 generatim
614 973 728 1060 posteri
754 972 806 1055 (ut
827 995 883 1058 per
904 982 1022 1057 nepotes
1044 969 1271 1054 Romanorum)
1297 971 1540 1060 intelligunturl.

152 1079 190 1143 In
204 1079 276 1146 loco
289 1077 444 1144 Herodoti
463 1077 546 1142 infru
568 1079 684 1144 notum¹
698 1077 847 1144 vacillent
865 1077 950 1142 lectt.
966 1076 1048 1142 inter
1062 1080 1220 1164 ἐκγόνοισι
1236 1091 1268 1142 et
1283 1082 1454 1166 ἔγγόνοισι,
1473 1103 1542 1144 ver-

152 1185 254 1250 siones
275 1207 368 1271 porro
389 1183 471 1249 inter
494 1185 651 1270 nepotibus
674 1197 706 1248 et
723 1184 881 1270 postmffl:
904 1181 959 1248 sed
982 1195 1150 1248 contextus
1172 1183 1224 1248 vel
1254 1197 1372 1271 nepotes
1391 1183 1443 1250 vel
1457 1186 1543 1273 filios

151 1291 329 1357 luculenter
343 1291 470 1357 indicet.
515 1293 578 1358 Per
592 1293 726 1380 ἔκγονον
741 1289 891 1379 intelligit
904 1289 1110 1356 Herodianus¹
1131 1303 1273 1378 nepotem,
1290 1291 1342 1355 cui
1362 1306 1542 1380 congruunt

153 1411 184 1462 et
204 1397 403 1463 Phevorinus
429 1411 461 1462 et
481 1396 671 1485 Hesychius,
694 1421 808 1484 nempe
832 1399 981 1486 ἔγγονος,
1006 1402 1024 1464 ὁ
1050 1399 1120 1474 υἱὸς
1144 1402 1222 1474 υἱοῦ,
1247 1411 1279 1460 et
1301 1398 1426 1486 ἔκγονα,
1453 1403 1541 1465 ιέκνα

150 1507 278 1571 ιέκνιυν.
319 1501 371 1568 Sic
386 1500 421 1564 in
430 1500 532 1566 Godd.
544 1500 652 1567 Secr.m
667 1501 752 1588 quod
763 1513 929 1588 exponunt
943 1500 1053 1565 LXX.
1069 1506 1087 1568 ὁ
1102 1505 1241 1578 siderei
1257 1505 1325 1568 υἱοῦ
1341 1531 1411 1580 σου,
1426 1525 1539 1590 nempe

151 1617 281 1688 uim,
296 1606 391 1671 vertit
410 1605 618 1693 Symmachus
633 1607 780 1694 ἔγγονος.
824 1605 977 1672 Attamen
996 1605 1093 1672 hebet
1107 1605 1247 1694 Etymol.
1267 1606 1376 1692 Magn.
1394 1607 1539 1695 ἔκγονον,

151 1720 267 1795 ὁνέός,
284 1740 408 1804 prorsus
422 1730 458 1781 ut
472 1716 581 1782 LXX.
597 1717 653 1803 qui
676 1741 733 1804 pro
752 1727 899 1815 nien?
917 1718 951 1782 in
964 1731 1057 1782 textu
1069 1717 1171 1782 Isaiae¹¹
1187 1733 1359 1804 posuerunt
1371 1723 1409 1787 τὰ
1425 1721 1540 1810 ἔκγονα

151 1841 206 1905 τῆς
222 1830 346 1906 κοιλίας
361 1831 466 1907 αὐτῆς.
512 1827 609 1893 Hunc
624 1827 761 1893 vidimus
776 1851 869 1916 supra
882 1828 976 1896 fuisse
991 1853 1115 1896 sensum
1132 1829 1347 1896 Homericum.

214 1936 390 2002 Definitum
408 1935 558 2022 quiddam
583 1934 736 2024 attingere
760 1934 794 1998 in
818 1933 994 2000 hocerrore
1009 1949 1140 2000 conatur
1165 1933 1411 2014 Schleusnerus⁰‚
1432 1938 1471 2002 ab
1490 1938 1539 2002 in·

151 2041 255 2106 vicem
279 2041 421 2129 sepositis
447 2044 586 2130 ἔγγονος
608 2055 641 2107 et
664 2045 807 2128 ἔκγονος,
831 2041 885 2108 sed
908 2042 1030 2122 frustm
1046 2057 1082 2106 ut
1103 2041 1182 2106 mihi
1197 2041 1332 2107 videtur.
1375 2045 1541 2110 Assentior

150 2149 254 2234 potius
270 2149 446 2226 Emesti01’3
468 2149 568 2214 Haud
585 2173 658 2213 roro
678 2161 835 2234 utramque
858 2172 955 2214 uocem
974 2171 1035 2212 αου
1055 2149 1150 2213 solum
1170 2150 1271 2234 qtsoad
1284 2150 1538 2236 upnisimifflonm

149 2259 299 2322 sedetiam
312 2258 346 2320 in
359 2257 433 2342 ipsis
446 2256 593 2319 codicibus
607 2265 735 2320 osterum
748 2253 936 2339 sclipies-um,
949 2254 1130 2340 permotus
1177 2251 1232 2316 Ex
1247 2251 1348 2318 titulis
1361 2253 1410 2336 (in
1425 2255 1539 2340 quibus

150 2385 234 2426 nunc
250 2366 422 2444 versemur)
438 2361 547 2426 videor
561 2359 639 2426 mihi
655 2359 727 2425 sotis
742 2358 902 2447 collegisse
918 2383 1010 2424 voces
1025 2361 1173 2448 ἔγγονος,
1191 2361 1333 2447 lyptote,
1348 2359 1537 2448 significasse

149 2470 273 2556 ἐξόχως
289 2491 388 2555 nepos,
404 2469 521 2554 neptis,·
543 2467 597 2532 sed
612 2480 646 2531 ut
670 2465 804 2531 Romani
818 2487 874 2552 per
888 2478 1005 2552 nepotes
1029 2488 1240 2552 sepenumero
1255 2479 1288 2530 et
1297 2479 1433 2554 posteros
1446 2467 1538 2533 intel·

149 2573 304 2647 leserunt,
320 2572 365 2638 ito
379 2572 486 2638 Graeci
511 2596 583 2638 oum
602 2571 738 2638 invicem
765 2573 984 2660 permutabant
1008 2574 1167 2658 ἐγγόνους
1184 2571 1297 2657 (immo
1321 2586 1354 2637 et
1375 2577 1536 2662 ἐκγόνους,

149 2695 276 2745 ιιοιοιιια
289 2678 485 2760 Ammonio)
497 2691 529 2742 et
544 2678 737 2763 ἀπογόνους.
781 2675 874 2740 Adeo
889 2675 1043 2741 lubricum
1060 2691 1106 2740 est
1120 2689 1253 2741 tractatu
1269 2684 1364 2766 opus!

215 2787 264 2850 13.
290 2787 523 2872 Συγκλυιικὼυ.
568 2781 654 2848 Vide
669 2805 751 2868 supr.
768 2781 808 2846 sd
822 2780 883 2845 titt.
902 2801 995 2846 tvm.
1009 2783 1037 2846 9.
1053 2801 1118 2845 nix.
1133 2784 1161 2846 7.

216 2894 265 2957 18.
290 2889 422 2968 Λητωΐς.
467 2891 519 2954 Ειι
535 2913 649 2954 nomen
665 2887 841 2976 mythicum
856 2887 979 2976 insigne
993 2903 1026 2953 et
1040 2888 1216 2975 prosapiem
1232 2889 1396 2968 illustrem,
1413 2893 1452 2958 de
1467 2894 1537 2980 qui-

151 2997 208 3060 bus
223 3011 347 3083 poetam
364 2995 659 3084 Metamorphoseon
674 2996 834 3062 consulere
850 3009 978 3084 possunt
993 2995 1151 3085 legentes.

182 3185 191 3219 ¹
208 3188 287 3248 Lycio,
300 3192 342 3233 etc
354 3187 390 3233 tit.
405 3187 457 3233 189.
470 3187 492 3232 8.
522 3184 587 3233 conl.
604 3185 693 3232 soem
709 3199 732 3232 n
746 3187 816 3234 8176.
899 3191 911 3224 t
928 3183 988 3232 Vide
999 3185 1034 3232 tit
1047 3185 1134 3233 Sidene
1146 3181 1199 3232 inlr.
1211 3199 1341 3238 ccxxxiii.
1355 3195 1376 3239 7.

152 3271 189 3316 21.
899 3273 909 3300 ¹
928 3269 988 3317 Vide
1002 3269 1071 3318 libell.
1083 3271 1111 3318 ds
1126 3272 1177 3319 sim.
1195 3277 1238 3319 stc.
1250 3273 1311 3321 lectt.
1321 3275 1345 3322 in
1357 3291 1406 3325 voc
1420 3277 1537 3344 ἔκγονος.

182 3365 194 3399 ι
209 3357 270 3404 Vide
281 3357 347 3404 nist
360 3353 386 3414 ι’,
396 3357 450 3404 818.
868 3353 932 3402 Cous.
949 3355 1066 3402 Plutoni
1086 3357 1185 3418 Lycurg.
1202 3369 1237 3404 tv.
1257 3359 1329 3422 παρὰ
1352 3364 1407 3421 τοῖς
1422 3363 1538 3428 ἔκγόνοις

180 3441 192 3474 ¹¹
210 3443 328 3490 mosch.
341 3441 440 3502 Philipp
452 3455 474 3501 p
484 3443 521 3489 78.
532 3443 568 3489 18.
582 3442 609 3502 Β.
630 3441 696 3490 Oret
713 3444 742 3490 ds
757 3443 818 3492 mele
867 3441 922 3496 τοῖς
936 3438 1099 3504 Κρεωφύλου,
1112 3445 1135 3488 et
1146 3441 1230 3488 Mum.
1243 3441 1320 3492 Oxon.
1330 3459 1371 3494 nx.
1384 3450 1423 3496 88.

150 3535 206 3588 gest.
225 3528 329 3588 legntp.
345 3529 400 3575 856.
413 3529 434 3574 8.
460 3525 525 3574 Ocni.
539 3527 614 3573 LXX.
632 3528 656 3573 in
672 3527 775 3576 Mnocsb.
788 3541 816 3576 ιι.
901 3523 990 3585 Siquis
1000 3525 1112 3585 smpllorc
1124 3527 1244 3586 desiderat,
1257 3529 1325 3578 mest
1335 3531 1428 3580 Morum
1443 3535 1467 3582 in
1486 3537 1536 3584 Isc-

154 3619 173 3661 1.
185 3617 223 3662 20.
866 3615 922 3655 crst-
941 3623 1001 3668 supr.
1022 3623 1044 3668 p
1057 3611 1095 3657 88.
1117 3624 1138 3656 ι
1159 3609 1237 3670 suph.
1251 3611 1396 3676 Oudendorp
1409 3620 1439 3666 sd
1454 3620 1534 3668 'lliom

182 3699 189 3732 ι
209 3714 256 3748 vn,
271 3702 323 3748 106,
867 3693 973 3754 Mtgistr.
995 3708 1017 3754 p
1037 3695 1092 3742 sts.
1116 3695 1230 3744 D‘Orvilt
1250 3699 1280 3744 sd
1298 3699 1415 3750 Chasitou
1439 3719 1461 3764 p.
1481 3707 1534 3755 887.

181 3783 268 3832 ¹¹st
282 3780 452 3843 Schweighins
468 3781 522 3828 VV.
543 3782 588 3828 LL
610 3787 664 3830 tom
685 3793 725 3828 ιιι.
747 3781 773 3830 Ρ.
787 3795 816 3829 ιι.
867 3777 978 3826 Wetsten
998 3779 1069 3826 odN.
1078 3781 1105 3827 T.
1117 3795 1139 3842 p.
1149 3784 1204 3830 889.
1216 3783 1261 3830 vol.
1271 3797 1298 3832 ιι.
1327 3786 1461 3836 sutum
1474 3795 1535 3854 anfi

150 3870 238 3927 pne,
871 3863 974 3910 Gramm.
988 3866 1010 3910 8.
1022 3867 1110 3924 pilli).
1143 3866 1166 3913 A
1181 3867 1410 3932 loolsclnssicisqoss
1420 3877 1534 3932 permulta

183 3947 189 3982 ¹
211 3951 272 3997 nist
283 3949 310 3996 lt
322 3961 338 3996 1.
352 3951 373 3996 7.
866 3948 968 4008 sungad
979 3948 1003 3994 ln
1015 3949 1103 3996 schedis
1119 3950 1222 3998 abstineo
1237 3966 1266 3998 ne
1279 3951 1408 4014 legentibus
1418 3957 1535 4006 festidium

182 4039 198 4063 ¹
208 4032 300 4080 Judicc
309 4043 367 4078 υιιι.
380 4033 418 4077 88.
866 4047 981 4080 moveam:
999 4033 1042 4080 hoc
1053 4047 1113 4092 veto,
1127 4035 1196 4083 linem
1207 4037 1315 4096 factunm,
1325 4041 1462 4088 mon-dum
1477 4057 1533 4104 reor,

181 4113 579 4164 ·c.xn1nts.oont1)sn0stn
592 4114 815 4176 Decomnplio.
866 4113 974 4161 vsoillnm
995 4115 1082 4162 codices
1103 4129 1173 4176 quem
1195 4118 1298 4164 mextme
1314 4118 1374 4166 mter
1390 4119 1496 4184 ἔκγονος
1511 4132 1535 4173 et

151 4201 188 4248 88.
200 4214 253 4248 cum
265 4199 333 4246 Ιαοαι.
346 4197 521 4259 Putemus.
867 4195 990 4262 ἔγγονοςι
1016 4210 1053 4243 ex.
1074 4212 1093 4244 α
1113 4197 1137 4244 ln
1156 4199 1275 4247 Demosth.
1296 4202 1334 4248 ubi
1356 4216 1416 4262 supr.
1439 4215 1534 4256 notante

180 4289 192 4314 ⁰
208 4281 354 4330 lexicNov.
367 4281 427 4328 Test.
437 4279 483 4328 vol.
494 4294 510 4328 ι.
522 4281 546 4328 in
558 4296 607 4330 voc
616 4281 718 4348 ἔκγονα.
866 4283 937 4328 Moru

182 4373 194 4406 8
209 4367 247 4412 Ao
256 4365 346 4413 collisu.
359 4365 437 4426 Epigr.
447 4378 542 4412 xxxix.
554 4371 609 4412 tom
620 4381 636 4414 ι.
649 4382 670 4427 p.
680 4369 733 4416 887.
897 4373 905 4398 ·
923 4367 983 4414 mbr.
996 4380 1040 4414 vn.
1054 4369 1108 4415 884.
1121 4382 1176 4416 υιιι.
1190 4373 1243 4416 878.
