3972 5240
465 587 526 652 190
867 577 1217 652 INSCRIPTIONES
1239 583 1429 650 GRAEOAE.
1573 584 1693 673 [mser.
1708 603 1824 649 oxornr.

542 773 687 847 Titulus
704 785 972 871 coagmentatus
999 797 1047 846 ex
1072 771 1282 872 fragmentis
1299 797 1380 868 quar
1398 771 1584 872 designavi
1600 798 1666 870 per
1681 773 1745 846 litt.
1757 797 1783 844 a
1798 773 1828 844 b.

467 920 495 969 c.
508 906 574 966 etc.
587 895 625 967 in
638 918 683 967 eo
693 893 819 967 ordine
832 893 896 989 qui
908 893 953 966 ad
967 917 1111 966 sensum
1125 891 1376 967 extricandam
1390 893 1546 967 maxime
1560 892 1828 968 accommodatus

467 1013 621 1086 videtur.
673 1011 858 1109 Descripsi
875 1012 921 1084 de
938 1011 1099 1108 partibus
1113 1011 1272 1108 disjectis
1286 1013 1443 1112 epistylii
1456 1015 1581 1088 subter
1597 1040 1738 1090 murum
1753 1015 1828 1088 arcis

468 1157 540 1227 qua
566 1131 754 1204 meridiem
774 1155 899 1205 versus
923 1131 1114 1229 spectabat.
1166 1131 1315 1206 Litteras
1336 1131 1478 1209 fuerant
1504 1161 1613 1211 manu
1635 1139 1830 1236 peritissima

467 1253 589 1325 incisae
605 1251 905 1350 grandioremque
932 1249 1093 1338 formam,
1112 1251 1255 1326 aedificii
1271 1253 1371 1348 quod
1393 1253 1453 1329 hic
1470 1255 1556 1330 olim
1584 1259 1701 1332 stabat
1716 1257 1828 1356 magni·

468 1371 630 1445 tudinem
647 1369 892 1470 praedicantes,
909 1366 1132 1445 referebant.

543 1492 652 1586 Quod
669 1493 716 1567 ad
732 1492 894 1567 ordinem
911 1492 1193 1592 fragmentorum
1212 1506 1358 1592 spectat,
1385 1495 1588 1594 legentibus
1604 1521 1762 1594 propono
1776 1498 1827 1592 qui

467 1615 561 1686 inter
577 1613 769 1710 parietinas
786 1613 881 1710 ipsas
897 1625 1060 1686 versatus
1078 1611 1291 1709 excogitavi.
1344 1614 1470 1686 Restat
1486 1613 1586 1708 alter,
1608 1613 1697 1688 mihi
1718 1617 1753 1688 in
1772 1616 1828 1711 pri·
1949 1637 1950 1664 ³

467 1735 535 1806 mis
571 1733 792 1831 probabilior
817 1733 916 1806 visus
951 1733 998 1805 ob
1024 1731 1118 1806 hanc
1146 1733 1345 1829 prasertim
1381 1733 1556 1807 rationem
1585 1733 1684 1832 quod
1712 1736 1828 1832 species
1949 1749 1950 1772 ¹

467 1854 596 1926 litterae
615 1855 694 1927 Pin
710 1852 872 1926 frustulis
890 1877 918 1924 a.
934 1853 967 1926 b.
979 1876 1007 1924 e.
1027 1851 1072 1923 ab
1089 1875 1132 1922 ea
1148 1850 1186 1921 in
1203 1850 1333 1924 ceteris
1360 1849 1425 1923 ubi
1447 1851 1614 1935 occurrit,
1632 1877 1662 1925 c.
1675 1851 1707 1925 d
1719 1878 1758 1951 g,
1773 1851 1829 1924 dis-
1949 1835 1950 1848 ἶ

466 1987 597 2072 crepat.
652 1975 735 2048 Hoc
751 1974 863 2046 miror
880 1997 953 2046 non
971 1971 1017 2044 ad
1034 1995 1072 2044 se
1089 1971 1309 2045 convertisse
1326 1971 1488 2046 virorum
1512 1971 1701 2046 doctorum
1718 1971 1829 2070 quiin

466 2095 632 2168 lemmate
651 2091 860 2170 Bbokbiano
877 2103 1122 2164 memorantur
1138 2091 1240 2164 acies.

541 2217 722 2288 Ponamus
739 2214 825 2287 licet
841 2238 906 2285 nos
923 2211 1056 2286 habere
1074 2211 1242 2309 plurium,
1260 2211 1320 2286 vel
1337 2211 1463 2286 saitem
1481 2211 1645 2298 duorum,
1662 2213 1830 2286 titulorum

466 2335 659 2432 particulas
677 2334 740 2431 qui
757 2334 796 2406 in
821 2333 972 2406 diversis
995 2333 1158 2430 partibus
1180 2331 1311 2406 aedium
1335 2332 1633 2420 inscribebantur,
1652 2333 1710 2406 vel
1727 2333 1754 2405 si
1772 2330 1828 2402 hoc
1949 2359 1950 2368 ¹

467 2480 539 2527 non
556 2453 786 2546 concedatur,
803 2451 893 2525 adeo
910 2453 957 2526 ad
973 2451 1143 2525 amussim
1164 2453 1320 2526 invicem
1346 2451 1647 2550 respondentibus
1659 2451 1828 2550 juncturis,
1949 2449 1950 2528 ζ

467 2599 513 2648 sc.
531 2575 557 2647 b
573 2598 656 2648 cum
673 2597 704 2660 c,
726 2597 747 2646 c
770 2597 853 2646 cum
871 2571 904 2659 d,
924 2585 990 2645 etc.
1015 2571 1110 2644 inter
1137 2571 1305 2670 exempla
1327 2571 1576 2646 inconstantia
1597 2573 1761 2672 opificum
1781 2570 1829 2644 ali·

467 2692 614 2790 quando
647 2693 706 2766 vel
735 2693 773 2765 in
803 2691 955 2790 egregiis
989 2690 1231 2763 monumentis
1267 2690 1375 2764 obvia
1408 2704 1445 2764 et
1472 2689 1543 2764 hoc
1576 2713 1829 2766 annumeremus
1949 2687 1950 2758 t

469 2825 619 2910 oportet.

543 2935 813 3032 Argumentum
839 2929 1047 3028 hujusmodi
1074 2942 1148 3002 est:
1177 2928 1366 3003 dedicatur
1392 2931 1452 3004 vel
1479 2933 1655 3029 templum
1681 2933 1737 3006 vel
1762 2953 1829 3028 pars

469 3059 547 3154 ejus
571 3053 705 3131 Caesari
722 3053 892 3150 Augusto
919 3063 956 3124 et
979 3051 1120 3149 Populo
1145 3051 1210 3150 (sc.
1230 3052 1506 3150 Romanorum).
1558 3055 1700 3128 Deinde
1719 3075 1829 3127 memo

471 3191 572 3250 ratur
598 3173 744 3270 quidam
772 3196 854 3245 cum
884 3170 1103 3267 prenomine
1136 3167 1295 3256 Quintus,
1330 3170 1430 3267 quod
1459 3185 1653 3270 exceperat
1678 3171 1828 3251 Lucilius

472 3295 668 3386 Lollianus,
691 3303 757 3366 etc.
785 3291 849 3389 qui
876 3289 1041 3364 sacerdos
1070 3287 1189 3363 fuerat
1216 3291 1303 3364 Divi
1338 3290 1498 3388 Augusti
1528 3293 1681 3368 Caesaris
1712 3313 1829 3386 rexque

471 3417 608 3516 patrius
626 3425 662 3486 et
676 3411 841 3486 sacerdos
852 3410 957 3486 Jovis
970 3411 1155 3484 Homonoi
1168 3423 1205 3484 et
1221 3411 1500 3510 gymnasiarcho.
1538 3413 1701 3488 Huncin
1713 3412 1830 3485 adibus

472 3534 652 3613 struendis
669 3533 847 3632 egregiam
866 3555 1009 3629 operam
1027 3555 1175 3604 navasse
1193 3531 1482 3606 concludendum
1500 3545 1562 3606 est.

548 3655 752 3732 Ediderunt
777 3655 918 3752 plures:
939 3651 1166 3749 Wadpoliusm
1190 3651 1257 3752 (ex
1284 3651 1426 3726 schedis
1454 3653 1615 3750 Huntii),
1637 3647 1831 3728 Richterust

473 3809 521 3858 ex
548 3804 620 3877 quo
647 3777 833 3852 enucleate
861 3773 1088 3862 Franckius⁰‚
1116 3772 1300 3862 Lectius,
1329 3773 1620 3875 Racszynskiuffl,
1647 3769 1831 3851 B‘ockhius‘.

516 3991 523 4028 ¹
541 3991 608 4048 Non
621 4005 688 4045 sane
700 3993 837 4061 quantam
857 3994 958 4044 namt
970 3985 1139 4043 Fellowsins
1229 3991 1244 4022 0
1258 3981 1355 4041 Richt.
1369 3981 1480 4040 Inachr.
1495 4001 1523 4058 p.
1535 3979 1601 4040 236.

474 4088 625 4154 inDiario‚
639 4104 667 4162 p.
677 4086 723 4142 48.
738 4101 880 4141 sonorem
889 4081 1009 4158 pollices.
1034 4081 1140 4141 Semis-
1229 4081 1359 4158 ¹'Diury‚
1374 4079 1549 4155 etc.p.128.

476 4211 534 4252 sem
547 4185 638 4261 hujus
651 4182 783 4240 dixerim.
1229 4183 1244 4220 ‘¹
1259 4178 1327 4235 Itin.
1342 4179 1399 4235 tab.
1412 4193 1459 4234 nv.
1473 4179 1502 4236 5.

514 4297 537 4327 ¹¹¹
546 4285 623 4344 Vide
631 4281 775 4348 Memoirs,
786 4289 839 4336 etc
853 4297 881 4354 p.
894 4279 956 4336 tas.
1230 4283 1242 4314 Γ
1262 4277 1326 4334 vot
1336 4293 1365 4334 n.
1380 4296 1407 4353 p.
1419 4277 1485 4338 870.
1497 4295 1525 4333 n.
1535 4273 1620 4339 3569.

516 4397 531 4426 ⁰
546 4385 614 4445 ltin.
629 4401 675 4460 pp.
689 4377 756 4444 467.
770 4375 837 4441 576.
