3956 5248
429 566 493 630 108
976 561 1266 630 AUOTARIUM.
1474 563 1815 648 [irascamur-ccx.

430 750 462 818 δὲ
479 757 535 833 (se.
556 751 628 834 σπ.)
645 751 780 818 καλεῖται
804 752 840 816 τὸ
867 754 1031 837 σύνταγμα
1053 755 1118 818 τῶν
1143 749 1250 826 πεζῶν
1274 751 1361 838 παρὰ
1375 748 1543 836 Ῥωμαίοις
1559 751 1706 834 Κοόρτις.
1728 747 1818 815 Cous.

430 853 650 920 Feliowsiumi.
668 853 838 942 Ἔπαρχος
849 867 896 917 est
905 851 1072 938 Profectus
1084 878 1097 930 ,·
1118 866 1155 918 ut
1168 851 1203 917 in
1217 851 1265 918 tit.
1279 851 1479 940 Philippensi
1494 851 1615 918 inedito
1629 851 1712 920 inter
1726 876 1818 930 meos,

428 973 585 1042 esau.
602 951 802 1042 οοᾶιῖι.
829 967 1130 1040 cvssnsrorv.

493 1083 534 1148 ln
548 1105 578 1146 v.
588 1085 618 1148 9.
633 1082 706 1148 obv.
720 1082 807 1148 verb.
823 1083 1034 1170 ἐλαιομετρὲω,
1050 1081 1136 1168 quod
1150 1105 1193 1148 ex
1208 1081 1269 1148 hoc
1283 1079 1352 1170 ipso
1367 1081 1461 1148 titulo
1479 1081 1613 1149 adscivit
1628 1084 1816 1151 Passoviusl.

433 1189 544 1256 Simile
559 1203 625 1255 erat
640 1193 824 1276 σιτομετρέω
839 1189 873 1254 in
888 1188 1111 1276 Apolloniensi
1126 1213 1220 1275 quem
1235 1213 1337 1276 nuper
1351 1189 1453 1255 edidit
1467 1189 1636 1256 Franziusl
1674 1192 1821 1258 Getarum

430 1297 464 1361 in
479 1296 539 1362 hoc
555 1293 745 1382 conspicitur
759 1293 976 1360 munificentia
991 1293 1136 1360 Philonis
1150 1295 1236 1380 quod
1258 1295 1408 1384 singulari
1429 1294 1598 1362 donatione
1612 1298 1702 1375 faeta,
1718 1297 1820 1364 oleum

430 1401 552 1467 civibus
567 1399 821 1488 suppeditaverat
836 1399 876 1465 ad
890 1399 1132 1466 exercitationes
1145 1398 1320 1488 gymnicas,
1336 1399 1422 1486 quod
1445 1415 1600 1468 certantes
1615 1401 1676 1490 ipsi
1691 1403 1820 1491 propriis

429 1506 615 1595 sumptibus,
632 1505 684 1572 vel
697 1505 864 1571 collatione
878 1505 969 1584 faeta,
983 1527 1164 1594 comparare
1178 1504 1292 1571 assumi
1303 1519 1401 1572 erant.
1448 1506 1595 1596 Augetur
1608 1531 1701 1598 porro
1716 1532 1818 1575 sensus

428 1613 622 1682 liberalitatis
636 1636 692 1703 per
706 1637 816 1681 vocem
830 1613 1007 1701 λουτήρων,
1023 1613 1058 1678 in
1072 1638 1103 1679 v.
1118 1613 1167 1678 13.

1064 1867 1186 1934 ccix.

498 2021 526 2082 1.
551 2015 715 2095 Hilarii,
731 2029 791 2081 etc.
837 2011 1020 2080 Certissime
1038 2009 1282 2100 Aspendiorum,
1305 2010 1345 2078 de
1368 2035 1503 2098 quorum
1527 2013 1656 2082 civitate
1690 2014 1818 2082 adeundi

430 2138 503 2190 sunt
529 2121 575 2190 rei
600 2121 818 2211 geographicas
842 2119 1007 2208 scriptores
1030 2131 1063 2184 et
1088 2117 1141 2183 al.¹¹
1184 2117 1339 2184 Nummos
1368 2131 1482 2184 traetm
1508 2118 1700 2186 Eclrhelius¹.
1745 2119 1817 2200 Qun

430 2243 604 2316 sequuntur
626 2229 661 2293 in
676 2253 708 2292 v.
725 2228 754 2292 3.
778 2231 821 2306 εἰς
845 2231 882 2295 τὸ
910 2235 967 2304 τῆς
991 2225 1117 2302 πόλεως
1143 2225 1239 2313 ἔργον
1254 2223 1352 2313 possis
1378 2238 1499 2291 vertere
1514 2225 1613 2314 Angl.
1629 2229 1757 2292 towards
1776 2226 1818 2290 aa

430 2339 536 2402 conca
562 2335 600 2424 os
619 2334 666 2400 tle
689 2335 764 2420 city.-
786 2333 913 2398 fortasse
938 2329 1129 2418 intelligitur
1143 2329 1317 2396 exstructio
1338 2329 1464 2408 theatri,
1479 2329 1514 2395 in
1536 2354 1630 2418 quam
1645 2332 1686 2399 de
1701 2332 1818 2420 propria

429 2441 564 2530 pecunia
577 2439 752 2506 contulerat
766 2439 863 2505 Zeno.
907 2438 959 2504 De
982 2437 1058 2503 ludo
1082 2436 1225 2504 natalitio
1247 2436 1281 2501 in
1305 2458 1336 2501 v.
1357 2437 1387 2500 4.
1403 2435 1543 2502 breviter
1567 2437 1676 2501 notavi
1698 2437 1731 2502 in
1754 2459 1814 2524 arg.

430 2547 511 2615 VV.
527 2545 596 2612 LL.
641 2546 831 2633 Comparare
855 2544 953 2633 possis
978 2567 1048 2630 quae
1077 2542 1174 2608 tradit
1199 2542 1370 2608 Suioerusm
1385 2565 1429 2607 ex
1445 2540 1569 2609 Oodino
1595 2543 1766 2630 praesertim
1788 2555 1816 2607 et

430 2652 571 2718 Eusebio
597 2651 637 2717 de
661 2649 899 2716 solennitatibus
925 2649 1096 2715 observatis
1118 2647 1152 2712 in
1178 2647 1230 2713 die
1255 2645 1352 2712 natali
1372 2645 1683 2735 Constantinopolis:
1710 2647 1816 2714 similia

431 2782 557 2846 quoque
572 2756 685 2823 Plinii¹¹
700 2756 740 2822 de
756 2755 858 2822 Roma
872 2754 948 2844 ipsa.
992 2753 1086 2819 Hanc
1107 2775 1174 2818 rem
1188 2751 1223 2816 in
1239 2751 1361 2818 Lexico
1376 2775 1433 2817 suo
1447 2750 1553 2840 tetigit
1568 2751 1729 2819 Pitiscus0.

1078 2999 1180 3068 CCX.

497 3159 525 3220 7.
550 3157 726 3242 Νεωκόρος.
772 3155 811 3218 Ιιι
835 3152 977 3240 catalogo
994 3150 1208 3218 Eekheiianov
1222 3150 1435 3217 Neooorarurn
1461 3171 1576 3216 nomen
1591 3148 1736 3238 Aspendi
1758 3173 1816 3216 non

430 3265 592 3356 reperitur.
637 3265 740 3332 Possis
768 3289 811 3330 ex
834 3263 866 3328 h.
886 3287 917 3328 v.
938 3261 1092 3350 supplere.
1138 3261 1234 3343 Quod
1248 3261 1389 3350 expressi
1403 3261 1438 3326 in
1452 3261 1524 3339 fine,
1548 3256 1611 3334 ΝΙ,
1636 3275 1684 3326 est
1698 3261 1816 3327 fortasse

428 3379 641 3467 fragmentum
664 3375 814 3465 gentilitii
834 3369 1140 3440 ΑΣΠΕΝΔΕΩΝ.
1194 3373 1334 3441 Videtur
1356 3374 1475 3439 mentio
1501 3372 1581 3440 faeta
1607 3371 1739 3460 alicujus
1759 3372 1817 3438 Ro·

430 3483 516 3550 mani
531 3484 589 3549 sub
608 3482 713 3560 finem,
729 3482 785 3568 qui
808 3481 937 3548 forsitan
952 3505 1024 3548 cum
1040 3481 1168 3547 Zenone
1183 3479 1346 3546 civitatem
1361 3491 1514 3546 auxerat:
1536 3479 1591 3545 sed
1606 3503 1649 3546 ex
1664 3479 1724 3546 hac
1738 3495 1817 3568 parte

430 3589 543 3678 lapidis
558 3601 671 3656 cuncta
686 3611 775 3676 paene
790 3601 990 3654 evanuerant.

462 3831 471 3866 ¹
488 3837 566 3900 Lycia,
578 3852 602 3886 n.
616 3841 669 3898 196,
682 3853 704 3900 p
717 3841 772 3887 264.
1151 3844 1175 3887 et
1189 3837 1262 3901 Sillyo
1275 3839 1300 3886 in
1309 3839 1370 3900 Exn
1378 3839 1447 3888 Alex.
1466 3851 1483 3887 r.
1500 3842 1538 3888 26.
1554 3849 1597 3890 ete
1610 3857 1699 3892 menon
1716 3843 1815 3892 i’iriicstr¹

462 3929 475 3964 t
490 3923 550 3971 Vide
560 3929 607 3972 not
619 3937 683 3985 supr.
694 3925 724 3972 ad
734 3925 770 3972 rit.
782 3937 906 3972 cuxnrrc
921 3927 957 3982 11,
967 3937 989 3984 p
1002 3925 1056 3974 997.
1149 3923 1175 3970 in
1183 3923 1231 3971 Vir.
1241 3923 1347 3985 Apoiion
1360 3939 1377 3972 ι.
1391 3928 1428 3972 11.
1440 3929 1464 3972 et
1475 3924 1561 3985 Cicero,
1575 3926 1643 3975 verr.
1655 3941 1683 3977 rr.
1694 3931 1714 3977 1.
1726 3931 1764 3978 26.

462 4004 473 4038 i
492 4007 608 4056 Enchirid.
620 4007 666 4056 roi.
679 4020 695 4054 n
707 4021 729 4070 p
743 4009 798 4055 685.
808 4021 829 4054 a
1183 4006 1189 4040 ¹
1212 4009 1478 4070 nonsartvoimps.
1491 4009 1562 4058 Num.
1571 4011 1813 4076 Anscdotpnilisa

463 4089 470 4122 ¹
491 4093 558 4154 Oorp.
571 4093 636 4141 insen
655 4093 743 4140 nsua
755 4091 801 4138 voi
813 4105 850 4139 nn
863 4106 885 4152 p.
899 4093 939 4140 67.
1182 4099 1199 4124 ¹¹¹
1211 4093 1473 4142 ineamsoelemi
1486 4107 1504 4141 r.
1517 4109 1538 4155 p.
1553 4099 1608 4144 748.

462 4174 474 4207 ¹
491 4176 556 4226 Coni.
569 4177 645 4226 strab.
657 4189 702 4224 ιιι.
714 4179 735 4224 7.
748 4189 770 4236 p.
784 4177 821 4222 61.
833 4187 888 4223 xiv.
902 4177 923 4223 t.
937 4189 959 4235 p.
969 4177 1024 4222 216.
1038 4175 1099 4222 Edit
1184 4183 1195 4208 ¹²
1212 4178 1273 4225 Libr.
1286 4190 1338 4226 xiv.
1352 4181 1373 4226 6.
1387 4179 1408 4226 6.
1423 4190 1501 4228 xvrrr.
1514 4181 1553 4228 66.
1568 4183 1582 4228 2

430 4259 532 4308 Tanchn
551 4261 647 4321 Dionys
663 4261 688 4307 in
703 4260 814 4320 Perieges.
831 4261 885 4308 669.
905 4259 963 4306 Piis.
982 4273 1007 4306 v.
1022 4261 1060 4308 26.
1079 4263 1100 4308 1.
1182 4268 1194 4293 ⁰
1211 4263 1289 4310 lexic.
1301 4263 1396 4324 Antiqq.
1409 4263 1457 4310 voi
1470 4276 1498 4310 ιι.
1510 4278 1532 4324 p.
1546 4267 1602 4314 620.
1613 4281 1633 4316 a

430 4356 504 4392 xxxi.
514 4345 552 4392 69.
564 4347 584 4392 1.
596 4344 674 4392 sieta
688 4346 725 4391 14.
742 4343 857 4392 Memorat
864 4343 976 4390 Atrinum
987 4345 1101 4394 cnmSida
1183 4353 1196 4386 Ρ
1213 4347 1260 4394 Ubi
1271 4361 1332 4408 supr.
1344 4347 1390 4394 vol
1399 4360 1434 4396 ιν.
1446 4361 1469 4410 p.
1482 4349 1537 4396 291.
1550 4350 1572 4397 b.
