4004 5264
183 585 402 674 mamma]
712 583 1041 651 APHRODISIAS.
1535 589 1574 653 15

184 777 372 883 Αὐρήλιος
390 775 606 882 Οὐαλήριος
626 773 878 883 Μαξιμιανός,
889 773 1104 884 Ἀρχιερεῦς
1121 777 1313 882 μέγιστος,
1331 785 1574 886 Δημαρχικῆς

185 913 359 1019 ἐξουσίας
388 908 431 992 τὸ
460 918 622 1017 πρῶτον,
641 905 810 996 Ὕπατος
839 911 1161 1014 ἀποδεδειγμένος,
1189 908 1466 1019 Ἀφροδισιίων
1496 917 1573 997 τοῖς

183 1047 367 1150 ἄρχουσιν
386 1045 447 1124 καὶ
466 1079 512 1150 τῃ
532 1045 656 1149 βουλῇ
677 1045 737 1124 καὶ
756 1045 808 1152 τῷ
840 1041 944 1152 δήμῳ
972 1045 1126 1148 χαίρειν.
1186 1041 1299 1128 Εἰκὸς
1326 1041 1373 1144 ἦν
1402 1046 1494 1144 ὑμᾶς
1513 1049 1574 1125 καὶ

184 1178 242 1260 διὰ
266 1175 336 1280 τὴν
355 1176 548 1277 ἐπώνυμον
578 1180 643 1275 τῆς
674 1171 820 1259 πόλεως
849 1171 948 1272 θεόν,
980 1177 1040 1254 καὶ
1069 1171 1130 1254 διὰ
1157 1169 1226 1274 τὴν
1253 1172 1349 1280 πρὸς
1372 1173 1574 1277 Ῥωμαίους

184 1308 391 1412 οἰκειότητά
408 1343 449 1391 τε
469 1307 530 1390 καὶ
545 1309 689 1404 πίστιν,
709 1307 872 1410 ἡσθῆναι
887 1303 957 1407 μέν
976 1304 1037 1386 ἐπὶ
1056 1307 1102 1413 τῇ
1122 1305 1354 1388 καταπόσει
1373 1313 1439 1410 τῆς
1457 1318 1571 1406 βασι-

183 1446 284 1529 λείας
313 1449 379 1544 τῆς
411 1441 602 1547 ἡμετέρας,
632 1441 766 1526 θυσίας
795 1438 836 1520 δὲ
864 1441 926 1521 καὶ
959 1436 1070 1544 εὐχὰς
1100 1441 1305 1520 ἀποδοῦναι
1334 1443 1487 1528 δικαίας·
1514 1444 1575 1524 καὶ

183 1580 283 1678 ἡμεῖς
315 1575 355 1657 δὲ
385 1575 454 1678 τήν
473 1610 513 1656 τε
534 1576 747 1680 ἐλευθερίαν
775 1575 860 1676 ὑμῖν
880 1571 1122 1682 φυλάττομεν
1141 1569 1210 1674 τὴν
1231 1571 1493 1680 ὑπάρχουσαν,
1513 1581 1574 1657 καὶ

183 1710 228 1792 τὰ
242 1711 348 1792 ἅλλα
362 1707 401 1790 δὲ
422 1706 625 1811 σύμπαντα
644 1709 766 1790 δίκαια
786 1703 941 1790 ὁπόσων
958 1703 1062 1816 παρὰ
1080 1713 1154 1788 τῶν
1176 1703 1251 1812 πρὸ
1271 1707 1374 1808 ἡμῶν
1393 1709 1573 1812 ου’τοκρα-

183 1841 302 1949 τόρων
320 1841 557 1948 τετυχήκατε,
579 1840 782 1949 συναύξειν
796 1843 948 1943 ἑτοίμως
961 1841 1108 1947 ἔχοντες
1128 1842 1228 1941 ὑμῶν
1247 1843 1308 1920 καὶ
1331 1839 1397 1926 τὰς
1416 1839 1511 1946 πρὸς
1530 1841 1573 1923 τὸ

181 1989 326 2075 μελλον
345 1977 511 2060 ε’λτίδας.
562 1973 822 2080 Ἐιτρίσβευον
842 1972 1038 2080 Αὐρήλιοι,
1058 1969 1255 2077 θεόδωρος
1275 1976 1335 2053 καὶ
1353 1971 1572 2076 Ὀνήσιμος.

775 2106 985 2212 Εὖτυχεῖτε.
1033 2130 1037 2142 ’

259 2305 405 2379 Titulus
442 2328 489 2376 ex
529 2301 769 2401 imperatoriis
810 2315 876 2398 est,
920 2303 992 2377 scil.
1027 2303 1244 2401 rescriptum
1278 2303 1497 2378 Diocletiani
1539 2319 1576 2379 et

184 2425 399 2500 Maximiani
437 2425 568 2500 litteris
608 2425 852 2523 gratulatoriis
893 2425 1237 2524 Aphrodisiensium
1279 2450 1379 2522 quas,
1423 2427 1575 2523 imperio

185 2545 351 2633 stabilito,
379 2569 445 2643 per
471 2545 608 2643 legatos
637 2541 873 2618 Theodorum
907 2555 945 2617 et
972 2542 1185 2619 Onesimum
1218 2543 1391 2617 miserant
1424 2544 1577 2644 collegia

183 2662 422 2760 municipalia
476 2660 673 2758 Principes,
691 2661 826 2734 civium
844 2660 1030 2734 voluntate
1057 2659 1213 2749 laudata,
1230 2661 1390 2736 favorem
1408 2675 1446 2738 et
1461 2677 1577 2762 patro-

185 2784 319 2856 cinium
337 2779 526 2880 spondent.
1396 2805 1398 2808 ·

262 2903 490 3002 Transcripsi
513 2891 776 3002 ταχογράςδοςε
806 2899 852 2974 de
880 2925 1059 2974 marmore
1086 2899 1126 2973 in
1151 2899 1243 2976 facie
1271 2905 1453 2980 exteriore
1482 2915 1578 2986 muri

187 3023 486 3123 Aphrodisiensis
497 3049 569 3122 qua
581 3025 699 3124 vergit
717 3035 967 3097 euroaustrum
984 3047 1118 3097 versus.
1147 3024 1270 3098 Antea
1285 3025 1510 3117 sherardus‘,
1528 3057 1577 3105 ex

186 3143 288 3238 cujus
306 3142 448 3218 schedis
465 3157 503 3217 et
516 3143 688 3218 Rochetti
705 3169 787 3218 cum
806 3141 932 3217 codice
947 3142 1222 3241 Spanhemian0¹
1241 3145 1357 3220 edidit
1367 3149 1576 3225 Boethius.

186 3262 403 3362 Nuperrime
420 3288 567 3362 quoque
586 3263 818 3339 Fellowsius.

259 3385 365 3458 AEtas
382 3385 479 3460 tituli
501 3398 642 3462 constat
666 3412 715 3462 ex
732 3413 765 3460 v.
779 3389 812 3460 3.
830 3411 969 3484 nempe,
989 3387 1035 3462 U.
1048 3385 1089 3462 C.
1110 3387 1215 3460 1039.
1234 3385 1274 3458 P.
1289 3385 1328 3462 C.
1348 3389 1464 3478 2862,
1483 3391 1578 3466 siout

186 3503 223 3576 in
245 3507 409 3578 noterit.
428 3505 580 3604 append.
597 3505 745 3580 uberius
772 3502 921 3577 tradam.
973 3504 1131 3577 Nomina
1157 3527 1303 3600 quoque
1320 3505 1577 3604 imperatomm

189 3623 296 3698 fuisse
315 3624 440 3699 dedita
456 3650 567 3724 opera
583 3637 621 3700 et
637 3625 814 3719 consult0,
827 3637 869 3698 ut
886 3623 1025 3700 Juliani
1041 3623 1122 3696 infr.
1140 3625 1282 3699 XLVL
1311 3627 1354 3714 6.,
1373 3625 1500 3715 deleta,
1519 3631 1578 3702 vel

224 3865 389 3925 ⁸Monendi
418 3877 489 3926 sunt
514 3867 635 3927 lectores
655 3886 702 3926 me
728 3886 779 3945 per
802 3866 857 3924 hoc
947 3863 1046 3942 trag.
1060 3867 1104 3924 18.
1119 3861 1273 3924 eodnsk.
1288 3881 1306 3922 1.
1320 3861 1367 3924 65.

185 3965 307 4024 verbum
338 3967 502 4044 intelligere
532 3967 708 4044 scripturam
739 3967 770 4024 in
799 3985 858 4042 qus
948 3962 1014 4022 ἰΝ.
1028 3963 1076 4027 77.

184 4065 735 4138 rpm'ealitterarumnonedamussim
748 4083 857 4142 reprae-
947 4063 1038 4124 *Ubi
1051 4083 1116 4141 sup.
1130 4083 1158 4141 p.
1167 4067 1234 4130 498.
1248 4083 1277 4122 n.
1286 4063 1373 4128 2743.

186 4171 347 4232 mutantur,
376 4165 487 4224 ratione
512 4165 668 4224 dumtaxat
698 4164 856 4223 lectionum
947 4165 1156 4223 ¹Disooreries
1178 4165 1210 4222 in
1226 4164 1324 4243 Lycia,
1339 4164 1474 4241 Append.
1488 4166 1525 4223 A.
1549 4187 1577 4224 n.

186 4257 292 4318 habita
342 4261 421 4320 Illud
441 4265 472 4320 in
494 4263 735 4342 quamplurimis
757 4282 857 4342 super·
911 4261 955 4332 16,
970 4267 1075 4340 paea.

186 4375 341 4418 vacaneum
355 4361 428 4419 duxi
441 4381 500 4440 prae
514 4363 570 4420 fide
583 4363 692 4420 critice.
950 4367 970 4398 ¹²
983 4361 1051 4420 Vid
1063 4361 1182 4422 Eekhel.
1194 4361 1248 4420 vol.
1260 4377 1325 4420 vm.
1339 4379 1386 4438 pp.
1396 4365 1424 4419 2.
1440 4361 1482 4421 16.
1494 4383 1518 4420 ιι.
