3992 5240
445 568 505 632 126
778 563 1133 632 INSCRIPTIONES
1156 563 1348 632 GRAECAE.
1379 565 1474 654 [msc.
1485 569 1802 655 sputamento.
1813 591 1833 634 1.

445 756 518 830 bile
547 754 628 829 est.''
684 753 886 828 ¹Praelatum
913 753 998 828 ideo
1026 753 1154 828 habuit
1185 753 1494 829 Prokeschianum
1527 762 1601 844 ΜΕ,
1627 781 1832 856 quanquam

447 890 465 918 ‘⁶
484 875 745 951 durissimum.''
798 876 877 954 Stat
894 889 1020 952 contra
1035 875 1126 949 fides
1143 875 1339 949 marmoris.

528 997 682 1072 Tertiam
700 997 748 1094 (a.
767 1022 801 1094 p.
817 997 918 1094 198.)
936 997 1174 1072 recentiorem
1191 995 1302 1070 fuisse
1317 997 1475 1092 Trajano
1492 1009 1617 1070 censet
1634 995 1832 1073 Bbclrhiusd

448 1143 496 1190 ex
523 1115 668 1188 nomine
694 1114 733 1188 in
760 1139 804 1190 eo
820 1112 977 1190 Marcus
992 1114 1171 1204 Aurelius,
1188 1116 1407 1212 conjicitque
1434 1139 1483 1189 ex
1500 1115 1655 1190 Braduis
1682 1116 1833 1214 spectari

448 1237 551 1310 illum
579 1235 642 1332 qui
669 1235 894 1309 consulatum
919 1235 1031 1333 gessit
1056 1261 1140 1310 cum
1156 1237 1324 1310 Materno
1351 1237 1390 1310 in
1416 1261 1470 1312 au
1488 1240 1529 1312 P.
1546 1237 1586 1314 C.
1604 1242 1684 1313 185.
1701 1265 1749 1314 sc.
1763 1265 1835 1338 reg-

448 1369 556 1430 nante
583 1354 794 1431 Commodo
845 1356 942 1428 Dein
970 1381 1103 1430 nomen
1130 1363 1374 1433 ΠΕΡΠΕΡΟΥ
1400 1359 1439 1432 in
1459 1383 1492 1432 v.
1516 1363 1549 1432 4.
1573 1359 1765 1434 confirmat
1789 1387 1834 1434 ex

449 1477 556 1551 titulo
584 1475 807 1552 Cossoniano
841 1498 949 1570 quem
984 1474 1146 1547 ediderat
1174 1475 1403 1551 Gronovius.
1473 1476 1696 1552 Sententiam
1730 1504 1834 1576 porro

450 1602 712 1676 Vandalianam
730 1600 776 1674 de
793 1601 976 1674 locutione
994 1587 1207 1696 στρατηγὸς
1227 1593 1287 1672 ἐπὶ
1306 1599 1379 1673 τῶν
1394 1592 1523 1674 ὅπλων
1535 1603 1680 1678 videtur
1692 1606 1834 1678 omnino

449 1725 662 1821 improbare,
679 1721 831 1822 gradum
848 1719 998 1794 fortasse
1016 1719 1206 1792 militarem
1223 1743 1434 1817 expressum
1451 1734 1558 1796 ratus.

530 1841 703 1928 Quarum
723 1842 775 1940 (b.
793 1838 900 1938 ibid.)
918 1864 1027 1936 quem
1045 1837 1248 1912 Pocockius
1265 1851 1436 1936 tanquam
1459 1841 1657 1940 simplicem
1674 1843 1836 1920 ediderat

451 1965 619 2040 exhibuit
635 1959 832 2038 B'ockhius‘
859 1962 897 2034 in
925 1961 1017 2034 duos
1043 1961 1225 2058 partitum,
1243 1985 1373 2059 nempe
1396 1963 1567 2037 Latinum
1586 1964 1661 2064 (vv.
1679 1969 1710 2039 l.
1729 1967 1782 2064 2.)
1800 1980 1835 2039 et

452 2089 620 2164 Graecum
641 2083 764 2182 (3-5.)
817 2083 917 2157 Huic
934 2084 1054 2156 obstat
1069 2083 1177 2158 lectio
1196 2082 1369 2156 Pocockii
1385 2090 1557 2172 ΜΑΙῚΡΑ,
1571 2109 1680 2181 quam
1699 2085 1833 2162 B'ockh.

453 2209 624 2300 ΜΑΡΚΑ,
642 2230 716 2301 quo
743 2215 888 2278 anctore
914 2203 1027 2277 fretus
1049 2205 1179 2278 nescio
1230 2205 1345 2278 Porro
1362 2205 1510 2302 conjicit
1526 2229 1575 2279 ex
1596 2207 1743 2281 nomine
1759 2231 1834 2306 pro

452 2327 609 2402 consulis
626 2327 665 2399 in
682 2325 753 2398 fine
772 2325 917 2398 titulum
936 2324 1141 2422 designasse
1160 2336 1314 2398 statuam
1333 2325 1553 2414 Caracallae‘,
1571 2338 1637 2402 etc.

531 2447 701 2532 Quintam
721 2444 770 2542 (e.
785 2470 818 2541 p.
833 2445 938 2540 200.)
957 2471 1065 2543 quem
1096 2470 1144 2520 ex
1167 2445 1350 2520 Pocockio
1376 2471 1477 2522 more
1506 2471 1571 2522 suo
1599 2446 1835 2522 deformatum

453 2567 630 2655 transtuli,
639 2565 868 2640 sinceriorem
880 2565 995 2640 edidit
1006 2564 1203 2642 Boethius*
1218 2591 1266 2640 ex
1280 2566 1422 2642 schedis
1432 2568 1645 2642 Horstianis.
1675 2569 1835 2665 Uterque

451 2696 667 2790 conjunctus
685 2691 826 2766 saniora
841 2693 987 2788 praebet,
1005 2683 1055 2764 ‘H
1076 2680 1247 2788 καύστρα
1260 2682 1375 2764 Γαΐου
1385 2682 1547 2766 Ἰουλίου
1557 2683 1835 2792 Ἀφροδεισίου,

451 2808 697 2916 προξενητοῦ.
768 2801 898 2912 Ἥρως
929 2806 1075 2914 χρηστὲ
1104 2814 1222 2913 χαῖρε.
1275 2816 1414 2914 Agitur
1434 2817 1602 2892 nimirum
1630 2817 1676 2892 de
1703 2817 1836 2892 nonina

453 2935 668 3035 Aphrodisii
684 2933 882 3030 cujusdam,
900 2935 964 3029 qui
981 2933 1096 3008 officia
1111 2947 1322 3032 proxeneta
1339 2936 1487 3010 obierat.

525 3055 672 3133 Sestum
690 3055 762 3154 (tit.
780 3079 812 3152 g.
840 3079 874 3152 p.
888 3053 990 3150 202.)
1009 3053 1183 3128 habemus
1210 3055 1306 3130 inter
1332 3055 1568 3132 Bbckhianos¹
1589 3081 1638 3131 ex
1664 3081 1836 3132 marmore

452 3178 650 3266 Patiniano,
669 3176 867 3252 secundum
885 3176 1021 3274 species
1038 3176 1238 3250 litterarum
1256 3175 1419 3250 editum.
1462 3178 1571 3272 Quod
1587 3179 1625 3252 in
1642 3181 1737 3254 notis
1754 3179 1836 3253 dedi

454 3303 499 3376 de
516 3302 656 3378 Solario
670 3301 722 3400 (v.
738 3299 790 3399 6.)
803 3300 1032 3376 emendatum
1051 3301 1143 3374 volo.
1175 3301 1385 3399 Respondet
1398 3301 1567 3378 Graecum
1581 3295 1836 3402 ἡλιαστήριον,

454 3449 584 3520 nempe
613 3423 715 3496 locus
739 3423 858 3496 editus
887 3423 926 3496 in
952 3423 1090 3498 aedibus
1114 3423 1182 3498 soli
1203 3425 1399 3522 expositus,
1417 3425 1483 3499 ubi
1499 3426 1650 3523 apricari
1667 3427 1836 3520 solebant,

455 3544 554 3643 quod
588 3567 609 3616 a
641 3543 845 3616 Forcellino
882 3543 939 3640 (in
970 3545 1069 3638 voc.)
1105 3555 1143 3616 et
1175 3543 1321 3616 Pitisco¹
1355 3544 1611 3646 comprobatur
1643 3570 1691 3619 ex
1721 3545 1836 3632 variis

455 3666 616 3751 Pleuron,
634 3663 846 3750 Macrobio”‚
867 3662 1063 3748 Suetonio⁰‚
1081 3675 1118 3738 et
1135 3662 1262 3738 Icus.
1314 3662 1418 3736 Talia
1434 3663 1616 3740 exstitisse
1633 3689 1777 3762 quoque
1800 3667 1836 3740 in

494 3861 508 3898 ‘¹
522 3859 597 3918 Ibid.
610 3877 639 3936 p.
648 3855 715 3921 732.
730 3877 758 3914 n.
767 3859 853 3922 3189.
1215 3855 1222 3895 ¹
1245 3857 1343 3916 Lexic.
1354 3859 1478 3936 Antiqq.
1491 3859 1547 3919 vol.
1559 3879 1602 3920 111.
1615 3881 1643 3939 p.
1655 3863 1722 3925 456.
1735 3866 1763 3924 b.

495 3967 507 3995 ‘
521 3960 608 4018 Mem.
620 3959 736 4016 Cosson.
750 3977 778 4034 p.
791 3959 854 4017 145.
868 3959 915 4014 21.
1214 3965 1234 3996 ⁰
1247 3959 1310 4017 Mil.
1321 3961 1393 4037 glor.
1404 3979 1435 4020 11.
1450 3965 1476 4022 3.
1488 3959 1534 4028 69.
1549 3973 1579 4022 et
1592 3967 1619 4022 4.
1629 3967 1675 4025 25.

496 4055 507 4095 t
522 4055 589 4114 vot
600 4072 631 4112 11.
644 4074 673 4131 p.
684 4053 751 4118 727.
765 4055 910 4120 1183179.
925 4075 951 4113 a.
962 4058 989 4114 d.
1213 4065 1228 4096 ¹¹
1243 4059 1390 4117 Saturnal.
1406 4077 1437 4118 m
1447 4063 1474 4118 4.

495 4163 508 4202 Ι
524 4155 606 4214 Conf.
619 4154 826 4214 noemenias
840 4173 868 4232 p.
881 4157 944 4214 180.
1214 4167 1229 4197 0
1244 4159 1279 4216 In
1294 4159 1401 4218 Neron.
1415 4179 1439 4218 c.
1452 4177 1517 4219 xva

496 4261 509 4294 ⁰
524 4254 586 4313 Ubi
599 4273 662 4330 sup.
675 4272 724 4311 nn.
739 4256 824 4318 2942.
840 4257 926 4318 3290.
1213 4263 1228 4302 Ρ
1242 4259 1298 4316 Ex.
1307 4278 1330 4316 c.
1352 4257 1838 4338 Ulpian.Digest.vtu.2.16.quo-

499 4356 505 4395 ¹
523 4354 585 4413 Ubi
599 4373 662 4430 sup.
676 4371 704 4428 p.
714 4351 779 4416 790.
794 4371 821 4410 n.
831 4351 917 4412 3386.
1174 4375 1242 4414 cum
1255 4357 1338 4429 conf„
1353 4357 1431 4416 inter
1444 4358 1478 4416 B.
1487 4357 1522 4418 R·
1536 4359 1660 4438 scriptt„
1676 4360 1784 4420 Pallad
1798 4375 1837 4416 un

493 4459 508 4496 ¹
522 4455 652 4513 Menum.
666 4451 754 4527 antiq.
769 4470 816 4528 pp.
825 4453 969 4512 204-231.
1178 4461 1222 4518 11.
1236 4461 1300 4519 init.
