4004 5264
175 549 488 636 ruscn.nv111.‚a1x.]
707 547 1033 626 APHRODISIAS.
1527 559 1568 621 33

174 740 368 821 Κλαυδίαν
387 739 590 822 Ἀντωνίαν
609 739 810 843 Τατιανήν,
839 739 907 842 τὴν
938 742 1144 847 κρατίστην
1170 747 1329 853 ἆνεψίαν
1350 748 1562 844 Κλαυδίων,

174 874 377 976 Διογένους
396 875 457 953 καὶ
475 870 676 970 Ἀττάλου,
697 877 973 976 συγκλητικῶν,
993 871 1063 975 τὴν
1089 879 1128 956 ἐν
1157 884 1278 958 πᾶσιν
1303 881 1343 958 ἐκ
1367 875 1564 982 προγόνων

174 1007 369 1110 εὐεργέτην
388 1010 453 1105 τῆς
471 1001 629 1090 πόλεως.
687 1007 766 1106 Τῆς
785 1003 1029 1091 ἀναστάσεως
1052 1015 1119 1088 τοῦ
1145 1007 1363 1114 ἀνδριάντος
1387 1013 1561 1112 ἐπιμελη-

451 1137 578 1224 θέντος
596 1138 774 1241 Τιβερίου
796 1141 987 1218 Κλαυδίου
1008 1142 1282 1227 Καπιτωλίνου.

249 1346 395 1420 Titulus
424 1347 566 1419 ornavit
592 1347 714 1419 basem
743 1357 870 1418 statuae
895 1357 932 1418 et
956 1357 1149 1419 contextus
1177 1345 1295 1420 fuerat
1323 1349 1360 1420 in
1388 1347 1562 1422 honorem

173 1471 314 1546 feminas
336 1471 468 1544 nobilis
486 1471 648 1544 Tatisnae
666 1495 747 1567 quae
763 1469 913 1562 laudem
927 1459 1200 1568 φιλοπάτριδος
1217 1487 1406 1566 meruerat,
1419 1475 1562 1546 virtutis

175 1617 322 1666 avorum
350 1591 487 1664 aemula.
541 1590 698 1666 Curator
720 1589 838 1687 operis
864 1590 924 1687 (ut
950 1590 1070 1677 cred0,
1095 1592 1278 1670 aoivitate
1295 1593 1467 1692 profecti)
1485 1609 1562 1668 erat

177 1714 401 1810 Capitolinus
418 1711 478 1786 ille
496 1713 559 1808 qui
576 1712 614 1785 in
632 1711 738 1785 titulo
755 1721 939 1808 praeeunte
956 1724 1184 1786 memoratur.

249 1835 407 1907 AEtatem
420 1833 592 1907 Aurelios
608 1834 841 1930 praecessisse,
860 1859 908 1906 ex
919 1834 1063 1907 nomine
1079 1831 1275 1932 Capitolini
1292 1835 1433 1932 plenius
1451 1835 1489 1908 in
1506 1837 1559 1908 tit.

177 1953 277 2027 LXI.
296 1967 503 2040 memorato,
522 1954 588 2026 vix
604 1955 852 2029 concesserim.

249 2073 435 2171 Descripsi
464 2071 664 2148 secundum
687 2071 820 2146 formas
850 2073 1050 2146 litterarum
1081 2073 1126 2147 de
1154 2073 1231 2148 basi
1259 2099 1340 2170 quae
1367 2076 1514 2173 propius
1542 2102 1563 2149 a

177 2218 287 2278 mum,
305 2195 369 2267 ubi
386 2195 528 2292 plagam
546 2193 756 2268 orientalem
775 2208 921 2292 spectat,
939 2197 1072 2270 aberat.

249 2313 401 2386 Invenio
427 2314 522 2386 inter
556 2313 677 2410 copias
705 2310 984 2402 Fellowsianas‘,
1012 2315 1110 2389 unde
1140 2316 1323 2390 transtulit
1352 2316 1560 2392 B'ookhius‘.

178 2433 312 2508 Contra
327 2432 437 2506 fidem
455 2433 642 2506 marmoris
660 2446 754 2526 sunt,
770 2433 809 2506 in
826 2458 859 2505 v.
877 2437 909 2506 7.
924 2433 1001 2508 init.
1021 2441 1102 2508 ΟΥ.
1125 2436 1164 2508 in
1182 2439 1238 2509 10.
1252 2441 1505 2511 ΚΛΗΤΙΚΟΥ.
1525 2435 1563 2507 in

181 2564 234 2634 14.
255 2565 440 2634 ΕΡΓΕΤΙΝ
472 2559 576 2654 (satis
604 2569 723 2630 tamen
755 2581 792 2629 se
823 2550 1098 2630 commendante
1129 2558 1400 2656 grammatica):
1429 2558 1468 2630 in
1498 2558 1560 2630 ult.

176 2685 404 2766 ΤΟΔΣΙΝΟ,
418 2677 517 2777 quod
534 2689 632 2752 reete
650 2677 818 2751 tractavit
835 2675 1029 2752 B'ockhius.

789 2966 891 3038 LIX.
919 2990 946 3037 r.

249 3171 395 3244 Titulus
425 3195 473 3242 ex
499 3167 716 3252 honorificio,
745 3167 781 3238 in
809 3167 953 3240 laudem
981 3168 1108 3253 Attali,
1137 3169 1201 3264 qui
1225 3167 1363 3241 ordinis
1394 3170 1563 3242 senatorii

177 3291 289 3364 luerat
306 3313 500 3385 amansque
517 3289 652 3386 patriae,
671 3287 906 3384 conscriptus.

250 3407 445 3494 Transtuli,
463 3404 580 3502 specie
606 3404 805 3478 litterarum
830 3419 1053 3493 conservata,
1084 3407 1130 3480 de
1157 3432 1335 3481 marmore
1359 3407 1399 3480 in
1423 3407 1564 3495 moenia,

175 3528 235 3600 ubi
252 3529 426 3600 orientem
441 3537 612 3622 spectant,
624 3523 792 3596 immisso.
846 3523 968 3597 Credo
986 3524 1108 3598 basem
1124 3523 1236 3598 fuisse
1255 3539 1382 3600 statuae
1398 3527 1436 3598 in
1450 3526 1564 3599 'hono-

177 3671 250 3719 rem
266 3647 357 3720 oivis
370 3646 496 3719 eximii
513 3645 706 3740 aliquando
723 3645 859 3742 positae.

249 3773 380 3844 Exstat
396 3768 522 3842 titulus
540 3767 635 3840 inter
653 3763 936 3852 Fellowsianos¹¹‚
947 3766 1045 3839 unde
1063 3765 1264 3864 desumpsit
1281 3764 1429 3841 B'oolrh.i
1468 3765 1563 3840 Solae

178 3891 351 3989 discrepp.
371 3901 464 3974 sunt,
482 3889 519 3960 in
536 3889 870 3960 sustollere
891 3937 899 3956 .
925 3885 1262 3959 sororisant
1283 3939 1292 3958 .
1320 3890 1493 3958 .ΣΑΡΧ.
1517 3885 1563 3958 de

178 4038 247 4110 quo
265 4009 503 4086 dubitandum
521 4033 613 4082 reor.

218 4269 229 4309 f
245 4271 303 4328 Ubi
317 4289 381 4346 sup.
396 4288 425 4345 p.
435 4271 502 4328 328.
517 4287 544 4326 n.
554 4268 600 4325 38.
937 4262 949 4298 h
965 4265 1034 4342 Pag.
1044 4265 1112 4328 327.
1126 4235 1154 4322 d.
1164 4267 1212 4327 37.

218 4368 377 4427 ⁸Addeud.
391 4387 420 4444 p.
433 4369 516 4426 1115.
529 4367 653 4429 112819.
667 4364 690 4422 b.
936 4352 942 4392 ¹
964 4353 1305 4432 Pag.1111.n.2781.t.

242 4483 357 4530 snsclc.
373 4481 412 4526 11.
865 4477 883 4519 F
