3992 5240
479 571 521 638 98
866 564 1217 634 INSCRIPTIONES
1239 563 1431 632 GRAEOAE.
1459 563 1864 653 [mscn.oxxv11.‚cxxvu1.

555 756 678 832 Video
696 757 791 830 inter
808 753 1020 831 Bockhiana
1036 779 1058 828 ο
1074 754 1241 828 Fronzioe
1258 777 1376 850 nuper
1401 753 1500 828 edito
1522 754 1662 853 duplex
1684 757 1864 854 exemplar

479 881 579 980 quod
596 906 644 954 ex
662 879 805 954 schedis
824 877 1087 952 Beousortisnis
1104 877 1251 952 miserat
1267 877 1447 952 Mollems
1476 879 1644 954 sordibus
1671 881 1860 979 oppletum.

479 1006 623 1078 Nomen
639 999 875 1102 Pereyrinum
893 997 1028 1072 exinde
1045 998 1142 1072 eruit
1158 1023 1191 1071 v.
1204 997 1239 1072 d.
1293 997 1403 1092 Quod
1418 999 1523 1097 praeit
1538 998 1680 1074 felicius
1696 1013 1818 1076 tentat.

555 1123 761 1198 CXXVII.
790 1121 957 1195 Titulum
981 1121 1081 1194 huno
1097 1121 1262 1218 expressi
1278 1145 1327 1193 ex
1344 1121 1553 1219 apographo
1570 1123 1746 1196 Rossiano
1771 1123 1864 1220 qtrod

479 1272 500 1320 a
518 1246 697 1320 Borreliio
714 1244 937 1341 descriptum
955 1243 1002 1317 ad
1019 1267 1077 1316 me
1095 1243 1242 1316 miseret
1254 1241 1311 1315 vir
1327 1255 1400 1340 opt.
1446 1242 1636 1318 Columnae
1652 1267 1702 1316 ex
1718 1257 1863 1318 num'ero

478 1391 601 1439 esrum
619 1389 701 1460 quae
717 1365 756 1438 in
772 1363 1016 1461 praeeuntibus
1032 1373 1287 1448 memorantur,
1304 1385 1417 1460 prope
1435 1363 1659 1461 stylobatam,
1676 1363 1863 1462 inscriptus

477 1499 541 1560 est.
592 1485 704 1559 Horti
720 1483 857 1558 mentio
875 1482 1021 1556 videtur
1037 1482 1176 1575 inesse3
1207 1494 1245 1555 at
1260 1481 1298 1554 in
1316 1507 1348 1554 v.
1364 1485 1395 1556 2.
1413 1483 1534 1556 haereo
1551 1483 1597 1556 de
1614 1483 1780 1558 lectionis
1796 1484 1862 1558 fide

479 1607 680 1800 dnbffiiriit
706 1735 743 1797 et
769 1679 839 1796 hoo
862 1718 1049 1797 Frenzius'
1067 1747 1116 1796 ex
1141 1721 1284 1796 schedis
1311 1719 1514 1798 aBoekhio
1539 1721 1740 1796 commissis
1757 1725 1862 1796 Beon-

353 1857 358 1866 '
477 1852 649 1939 fortioris,
678 1875 762 1924 oum
794 1854 988 1924 ΚΗΓΙΟΥΡ
1014 1851 1051 1921 in
1079 1874 1111 1922 v.
1133 1851 1163 1921 1.
1192 1847 1290 1923 unde
1316 1848 1476 1946 explicat
1502 1873 1536 1920 v.
1561 1847 1594 1920 d.
1624 1837 1862 1944 Κητούρουὸ

477 1968 606 2054 τόπος.
664 1976 817 2050 Minime
852 1974 988 2048 arridet
1021 1975 1225 2072 explicatio,
1298 1977 1356 2049 De
1389 1973 1497 2048 horto
1530 1973 1687 2070 quodem
1721 1975 1862 2073 publico

477 2097 637 2171 aedifioiis
664 2108 802 2182 ornato,
833 2094 880 2168 ad
913 2119 1022 2190 quem
1051 2095 1221 2167 introitus
1251 2106 1328 2168 emt
1357 2119 1423 2194 per
1452 2095 1767 2182 columnationem
1797 2119 1860 2167 ser-

476 2245 620 2296 monem
638 2243 716 2293 esse
734 2219 799 2291 vix
817 2215 955 2290 dubito.

1036 3045 1260 3122 CXXVHI.
1287 3073 1316 3120 a.

661 3231 1493 3306 ossrmommnorxsmemmrrffloz

656 3343 1638 3420 Tourmttorrksrexxtrszmmmnmtssr

659 3455 1146 3530 ΕΑΥΤΟΙΣΚΑΙΤΕΚΝΟΙΣ
1154 3502 1296 3530 .....
1297 3454 1698 3529 ΤΟΥΤΟΙΣ--.ΤΑΙΣ

659 3568 1003 3642 susurrem
1009 3627 1684 3646 .................

597 3683 618 3751 5
658 3681 882 3754 ΧΙΑΝΗΚΑΙ
898 3737 1681 3756 ...................

470 3837 660 3948 Ὀβριμοι·
681 3844 828 3926 Μῶπου
848 3851 909 3928 καὶ
928 3848 1035 3930 Νέων
1049 3847 1211 3956 Σύρβιοο
1230 3849 1273 3932 τὸ
1293 3853 1415 3960 ἡρῷον
1434 3851 1716 3935 κατεσκεύασαν
1735 3857 1775 3936 ἐκ
1793 3861 1861 3936 τῶν

478 3975 579 4056 ἰδίων
599 3977 741 4061 ἑαυτοῖς
761 3979 822 4056 καὶ
838 3977 979 4065 τέκνοις
992 3981 1123 4062 αὐτῶν·
1145 3979 1291 4068 τούτοις
1310 3981 1350 4062 δὲ
1369 3986 1430 4064 καὶ
1449 3990 1528 4069 τοῖς
1547 3986 1729 4090 ἑκατέρων
1747 3991 1860 4069 αὐτῶν

673 4102 834 4212 γύνοιξι,
855 4109 901 4212 τῇ
921 4111 1024 4208 δεῖνι,
1045 4113 1105 4190 καὶ
1125 4113 1355 4220 Εὐμαχιανῇ,
1371 4117 1432 4194 καὶ
1451 4159 1467 4174 ·
1490 4162 1693 4178 ······

516 4317 528 4346 ‘
543 4311 648 4369 Fascio.
665 4329 683 4369 1.
699 4311 754 4370 vol.
764 4329 806 4371 ιιι
820 4333 848 4390 p.
859 4317 925 4375 208.
940 4336 989 4374 nn.
999 4320 1085 4378 4435.
1230 4317 1242 4357 f
1258 4321 1323 4380 vot
1336 4335 1379 4381 ιιι.
1393 4323 1498 4382 Fascio.
1510 4342 1528 4384 1.
1544 4345 1572 4404 p.
1581 4330 1648 4394 209.
1663 4347 1692 4386 n
1703 4327 1787 4389 4436.
