3952 5238
459 567 521 630 324
740 643 745 654 Ι
1003 561 1294 630 AUCTARIUM.
1469 566 1834 646 [mscn.nxx1x.,uxxr.

457 750 604 817 sacellum
621 753 765 838 (ἡρῷον).
810 747 973 836 Oonjicere
996 748 1071 816 licet
1097 749 1317 815 Dioscuridem
1339 745 1433 813 fuisse
1458 771 1501 812 ex
1524 748 1656 836 posteris
1675 748 1838 815 conditoris

457 855 553 920 istum
568 855 607 920 sd
622 879 715 942 quem
731 853 913 921 devolutum
927 854 1029 921 fueret
1043 855 1181 920 officium
1193 855 1409 943 apleroizunds'
1421 854 1624 921 monumenti
1632 855 1714 920 illud
1729 856 1838 941 dequo

459 961 562 1048 agitur
576 961 610 1025 in
624 959 717 1024 titulo
731 973 836 1024 nostro
850 969 962 1023 ποιεῖν.
978 983 1101 1025 necnon
1123 958 1204 1024 infra
1225 958 1259 1023 in
1282 979 1397 1024 nxxxr.
1414 957 1486 1038 fin.;
1508 983 1581 1024 nem
1596 961 1767 1026 observatu
1780 960 1837 1047 dig-

458 1089 535 1130 num
550 1079 596 1130 est
610 1063 724 1130 mutari
739 1063 1002 1150 designationem
1018 1061 1103 1148 quod
1117 1062 1151 1127 in
1162 1061 1318 1150 principio
1327 1062 1502 1151 appelletur
1511 1063 1638 1152 βωμός,
1647 1078 1718 1144 ete,
1729 1065 1837 1132 fectum

458 1169 600 1234 videmus
615 1169 649 1232 in
663 1167 800 1234 clausula
811 1167 963 1244 Heroum,
979 1165 1132 1232 versiculo
1146 1165 1182 1230 in
1196 1166 1242 1232 rei
1256 1169 1583 1236 commemorationem
1597 1172 1792 1260 postscripto.

1085 1415 1231 1480 LXXX.

523 1563 552 1626 5.
575 1562 804 1641 Ἀνατεθεικιής.
850 1564 908 1628 Est
922 1587 1032 1630 verum
1047 1565 1114 1630 sine
1130 1565 1227 1630 dubio
1241 1565 1505 1653 supplementum,
1521 1577 1553 1630 et
1572 1577 1700 1653 propter
1716 1589 1757 1632 ea
1776 1587 1835 1650 que

462 1683 635 1755 sequuntur
658 1669 692 1735 in
717 1668 811 1735 titulo
837 1670 940 1734 adhuc
960 1683 1150 1749 conservata,
1175 1683 1207 1735 et
1229 1668 1303 1755 quia
1325 1669 1360 1733 in
1376 1693 1407 1734 v.
1420 1672 1449 1735 9.
1464 1668 1664 1734 menifestum
1685 1693 1718 1734 se
1743 1667 1836 1757 prodit

459 1774 611 1840 indicium
627 1775 713 1840 vocis
736 1773 877 1844 ἀναθέσει
897 1787 969 1840 ente
989 1773 1148 1854 δηλοῦται.
1194 1775 1293 1842 Varie
1311 1774 1346 1838 in
1360 1773 1459 1840 titulis
1473 1775 1568 1862 hujus
1582 1774 1664 1841 sedis
1682 1774 1834 1842 Shererdi-

460 1879 526 1944 anis
541 1903 560 1943 a
574 1879 720 1944 Bdckhio
735 1877 827 1943 editis
845 1877 885 1943 ad
908 1879 1075 1966 supplendi
1097 1880 1250 1945 rationem
1274 1879 1461 1967 perducunt.
1506 1879 1547 1945 In
1568 1880 1678 1968 primis
1702 1879 1834 1956 formula,

452 1992 546 2068 Ἥτις
561 1997 610 2058 καὶ
625 1989 773 2068 άνέθηκεν
794 1994 834 2076 τῇ
853 1991 1003 2076 ἱερωτάτη
1020 1987 1129 2076 Βουλῇ
1147 1991 1192 2064 εἷς
1219 1990 1368 2064 αἰωνίους
1383 1986 1522 2074 κλήρους
1541 1986 1696 2076 ιἰργυρέου
1711 1986 1833 2074 δηνάρια

458 2097 542 2184 βτο’,
557 2095 660 2173 καθὼς
683 2093 732 2162 διὰ
755 2107 811 2173 τῆς
831 2098 1004 2182 γενομένης
1026 2093 1077 2162 ὑπ’
1093 2095 1188 2171 αὐτῆς
1203 2091 1381 2170 ἀναθέσεως
1403 2093 1578 2171 δηλοῦταιο.
1624 2092 1785 2160 Habemus
1803 2092 1831 2157 in

459 2201 603 2290 proxime
625 2213 782 2286 sequente,
804 2203 851 2268 ot
875 2209 923 2269 καὶ
944 2203 964 2278 ἡ
984 2202 1076 2268 odota
1101 2204 1187 2269 πάσα
1207 2199 1362 2279 έλήλυθευ
1377 2204 1421 2277 sle
1436 2203 1493 2267 τὸν
1510 2197 1610 2285 δήμου
1631 2203 1675 2277 εἰς
1695 2205 1831 2276 σέωνέους

461 2312 609 2394 κλήρους.
655 2305 739 2371 Dein
754 2306 848 2394 paulo
859 2321 949 2393 post;
973 2311 1020 2392 Τῇ
1034 2305 1239 2392 λαμπροτάτη
1260 2301 1291 2371 δὲ
1308 2305 1416 2391 Βουλῆ
1438 2309 1538 2391 scirpi
1557 2306 1707 2392 ἱερωτάτη
1729 2311 1833 2390 Γερον-

459 2419 511 2500 αέηι
526 2410 740 2480 ιἰυατεθεικότα
756 2415 900 2498 χρήματα
916 2414 959 2486 εἷς
974 2414 1111 2476 αἶωυέωυ
1123 2409 1251 2496 κλήρων
1267 2407 1442 2492 δισυομάςέ.
1488 2406 1644 2494 Denique,
1661 2409 1832 2477 Τελευτῶσο

459 2519 599 2587 κατέλιπε
622 2523 660 2605 τῇ
685 2518 834 2604 έερωτάτη
850 2515 959 2604 Βουλῆ
973 2519 1018 2592 εἰς
1038 2517 1186 2590 αἶωνέους
1201 2515 1341 2600 κλήρους
1364 2519 1397 2582 ἐν
1420 2511 1458 2601 fd
1481 2522 1648 2602 παροταγηῐ
1672 2521 1832 2603 χρεωστῶν
1950 2523 1951 2576 3

460 2627 616 2712 ἀργυρέαν
636 2621 770 2708 δηνάρια
791 2620 905 2710 βφμέ1.
949 2620 988 2684 ln
1011 2617 1060 2684 his
1089 2631 1121 2684 et
1145 2632 1250 2684 nostro
1273 2618 1356 2684 bone
1376 2617 1411 2682 in
1432 2631 1614 2707 perpetuam
1637 2619 1832 2686 hereditatem
1950 2611 1951 2640 l

459 2729 576 2805 relicta,
591 2727 622 2791 h.
633 2751 662 2792 e.
678 2724 812 2814 pecunie
834 2725 946 2812 legata,
967 2737 1119 2790 vocentur
1141 2728 1260 2791 αἰώνιοι
1283 2723 1404 2812 κλῆροι,
1424 2723 1595 2789 secundum
1619 2747 1743 2790 sensum
1757 2723 1832 2788 vocis
1950 2741 1951 2804 η

461 2838 515 2925 qui
535 2851 567 2902 et
592 2837 626 2900 in
646 2837 833 2922 κληρονόμῳ
855 2845 1004 2920 apparet:
1027 2829 1205 2896 distributio
1220 2852 1328 2894 eorum
1343 2827 1461 2892 viritim
1476 2841 1524 2894 est
1537 2827 1683 2914 διανομή,
1702 2853 1790 2915 quem
1804 2827 1832 2892 in
1950 2819 1951 2838 ³

462 2941 713 3025 Trsllensi(01x.
733 2941 776 3021 8.)
794 2937 1022 3026 conspicimus:
1047 2936 1173 3014 oblatis,
1195 2934 1332 3002 addictio
1357 2935 1392 3000 in
1417 2959 1519 3016 usum,
1545 2936 1704 3018 άνάθεσις,
1723 2961 1833 3005 summe
1950 2935 1951 2940 ¹

462 3048 529 3136 ipsu
544 3046 683 3133 ἀνάθεμα
697 3069 753 3112 seu
768 3044 922 3130 ἀνάθημα.
967 3044 1029 3109 Res
1043 3043 1216 3108 illustretur
1230 3067 1287 3131 per
1299 3055 1521 3110 testamentum
1536 3042 1666 3112 Caesaris
1681 3047 1713 3112 in
1728 3047 1833 3112 Dione¹
1950 3051 1951 3056 ’

461 3168 493 3219 et
509 3153 678 3220 Suetonio&
711 3151 816 3217 Voces
830 3174 886 3238 per
899 3150 969 3216 loca
982 3149 1110 3217 classice
1123 3173 1207 3236 seqq.
1223 3173 1264 3216 sc.
1274 3149 1435 3229 Lucieni‘;
1456 3157 1495 3240 τῇ
1509 3151 1600 3220 πόλει
1615 3151 1648 3221 δὲ
1662 3163 1754 3222 ταῦτα
1767 3153 1833 3240 παρ’
1950 3135 1951 3174 l

462 3265 535 3344 ἐμοῦ
551 3258 690 3347 ἐξαίρετα
708 3255 845 3344 ὑπῆρξεν
865 3257 916 3336 du,
932 3259 962 3323 cl
978 3261 1034 3340 μέν
1050 3255 1204 3342 διανομαί,
1221 3257 1296 3324 κατὰ
1315 3266 1397 3342 μήνιε
1417 3259 1546 3324 ἕκαστον
1568 3256 1707 3347 δραχμαὶ
1720 3267 1764 3346 τῷ
1783 3265 1832 3342 μὲν
1950 3305 1951 3336 r

462 3367 548 3452 ιἰστηῖ
562 3369 678 3442 ἑκατόν,
698 3370 744 3452 τῷ
764 3363 796 3432 δὲ
815 3368 945 3450 μετοέκιρ
959 3363 1052 3448 ἥμισυ
1066 3364 1197 3430 τούτων.
1242 3359 1398 3450 Congruit
1420 3386 1494 3427 usus
1512 3363 1602 3428 verbi
1626 3365 1709 3452 apud
1728 3363 1833 3430 Demo
1950 3399 1951 3448 l

461 3471 635 3548 sthenem¹¹5
657 3473 747 3556 κοιυηῐ
758 3467 984 3552 διανειμάμενοι
998 3471 1088 3535 πέντε
1109 3464 1256 3554 δραχμάς
1271 3469 1400 3545 ἕκαστος
1414 3467 1656 3554 προσεδέξαντο.
1687 3470 1832 3554 Denique,

462 3598 568 3641 sensus
582 3581 637 3643 τοῦ
652 3574 771 3659 κλήρου
786 3571 821 3636 in
843 3583 960 3650 nostro,
975 3571 1058 3636 bona
1083 3570 1273 3636 hereditario
1291 3571 1364 3658 jure
1387 3572 1571 3659 conquisita,
1593 3575 1762 3643 illustretur
1784 3599 1833 3664 per
1950 3583 1951 3650 g

464 3682 595 3746 alterum
610 3679 715 3744 locum
731 3677 895 3756 Luciani'3
918 3681 946 3745 ol
969 3675 1000 3744 δὲ
1021 3675 1080 3754 ήδη
1094 3680 1151 3744 τὸν
1166 3677 1282 3763 κλήρου
1297 3683 1330 3746 ἐν
1350 3683 1438 3765 σφέσι
1463 3679 1638 3768 διῃρημένα
1662 3683 1832 3770 βόσκονται,

462 3789 518 3856 ubi
533 3803 569 3854 ut
582 3811 638 3875 per
650 3786 843 3852 occasionem
854 3799 970 3863 notem,
986 3784 1099 3874 legerit
1114 3783 1369 3851 Hemsterhusius
1381 3787 1485 3853 ἐλτέσι
1500 3810 1557 3875 pro
1568 3792 1602 3856 ἐν
1612 3796 1707 3877 σφέσι,
1718 3811 1830 3876 μάτευε,

462 3898 581 3987 opinor,
597 3895 714 3962 exinde
728 3895 873 3961 lucratus.

496 4127 507 4152 ⁰
523 4119 578 4169 ut.
591 4117 637 4166 vol.
650 4131 677 4165 11.
689 4119 888 4178 μ514.ο.277έ.
900 4118 941 4164 ult.
1209 4121 1218 4146 ⁸
1237 4115 1265 4161 ln
1277 4115 1373 4174 Omne,
1384 4127 1494 4163 uxxnt.
1506 4116 1544 4162 fin.

495 4213 507 4246 Ρ
523 4207 582 4253 Ibid
594 4219 617 4265 p
627 4205 682 4253 517.
690 4217 714 4250 u
724 4205 795 4251 2782.
808 4205 845 4251 82.
855 4217 884 4251 ss.
1210 4201 1218 4232 ²
1235 4201 1320 4261 Nevig.
1333 4213 1406 4247 xxiv.

493 4297 505 4330 s
522 4289 580 4336 Ibid.
591 4303 613 4348 p
623 4289 677 4336 722.
689 4300 712 4332 n
723 4287 793 4334 2817.
808 4288 844 4333 12.
857 4300 885 4332 ss
1210 4293 1220 4316 ¹¹
1237 4285 1353 4346 Appellat.
1366 4291 1438 4333 contr.
1448 4285 1555 4335 Eubulid.
1565 4301 1587 4348 p.
1598 4291 1666 4338 1317.
1678 4292 1697 4337 t.

495 4373 756 4421 rfflssttmvtt.
1210 4371 1296 4418 vniat
1309 4371 1378 4420 Mort-
1390 4374 1446 4420 tat.
