3956 5248
184 595 573 684 macarem-ccxxi]
764 597 984 662 ATTALIA.

793 846 950 913 CCXIII.

246 993 436 1077 Δήμαρχος.
480 986 602 1054 Locum
629 988 832 1076 insigniorem
858 988 1021 1076 dignitatis
1050 1013 1125 1078 ergo
1154 990 1288 1057 habebat
1311 991 1440 1057 Lollius.
1484 992 1562 1057 Erat

183 1091 327 1179 princeps
350 1090 446 1158 urbis.
489 1091 688 1157 Hadrianum
714 1091 817 1179 ipsum
837 1091 1059 1158 Demarchiam
1084 1095 1212 1182 gessisse
1240 1096 1336 1162 tradit
1358 1097 1562 1184 spartianus.

181 1200 285 1266 Notus
304 1211 352 1266 est
369 1222 477 1264 versus
496 1198 672 1264 Plautinus1
691 1197 747 1284 qui
771 1197 865 1282 hujus
885 1196 1083 1284 magistratus
1104 1221 1177 1264 cum
1199 1215 1343 1289 stratego,
1364 1225 1561 1290 agoranomc,

183 1306 355 1385 comarcho,
368 1305 522 1372 meminit.
565 1305 673 1372 Adeas
688 1327 813 1391 quoque
828 1303 1020 1370 Gruterum'.

792 1528 949 1596 CCXIX.

247 1681 275 1745 3.
293 1680 465 1768 Ἔπαρχου
479 1707 565 1766 τεχυ.
609 1673 700 1742 Cons.
715 1687 780 1740 not.
795 1675 835 1740 ad
849 1673 898 1740 tit.
908 1695 978 1740 cxc.
994 1675 1024 1742 8.
1070 1675 1149 1740 Erat
1172 1675 1321 1740 nimirum
1341 1675 1443 1742 Rufirs
1457 1689 1560 1742 noster

183 1785 483 1876 Prmscctacfcbram
505 1783 539 1846 in
562 1778 734 1849 oeconomia
753 1779 909 1847 castrensi.
953 1778 1048 1862 Quod
1061 1781 1096 1845 in
1110 1806 1140 1872 r.
1157 1782 1185 1847 8.
1198 1780 1313 1847 dicitur
1327 1780 1366 1848 de
1380 1782 1461 1848 Jove
1474 1782 1561 1847 illus-

181 1907 266 1960 trent
289 1892 504 1979 quadantenus
528 1887 651 1954 nummi
665 1885 864 1954 Eclrbelianit
881 1885 1007 1952 Attaliae
1028 1887 1063 1952 in
1078 1885 1192 1973 quibus
1209 1887 1387 1974 frequenter
1401 1887 1495 1954 obvia
1515 1903 1561 1954 est

182 2001 276 2086 hujus
290 1995 429 2064 numinis
443 1994 570 2084 effigies.
617 1993 770 2084 Agnoscit
790 1993 887 2081 epith.
903 2001 1118 2082 τραπαιαῦχας
1133 1992 1305 2082 Dionysius
1320 1993 1423 2059 Halic.
1438 2017 1561 2060 necnon

186 2103 354 2194 Apuleiusn
377 2102 412 2168 iu
436 2125 493 2168 suo
513 2101 760 2189 Tropoeopltorua.
803 2099 919 2165 Affinis
937 2111 984 2166 est
1004 2099 1099 2188 typus
1116 2099 1206 2166 Jovis
1220 2098 1392 2190 Nicephori
1414 2099 1448 2166 in
1469 2123 1560 2166 num-

182 2211 240 2276 mis
258 2207 528 2276 Antiochenorum
544 2205 667 2295 Syrias&

813 2390 971 2456 CCXXI.

245 2543 274 2604 2.
292 2541 433 2628 Ἔπαρχ.
450 2543 590 2628 σπείρας,
605 2539 670 2605 scil.
686 2539 817 2604 atara
862 2537 948 2604 Vide
963 2561 1046 2626 supr.
1065 2557 1162 2602 ccvn.
1178 2539 1208 2602 4.
1224 2547 1288 2600 not.
1333 2535 1411 2600 Erat
1429 2534 1561 2623 legionis

180 2645 379 2723 Britannicae,
394 2661 430 2711 ut
444 2669 514 2732 quae
528 2645 667 2732 sequitur
680 2643 907 2734 Apollinariae3
930 2643 996 2710 vid.
1014 2643 1162 2710 Ursatum
1184 2637 1218 2706 in
1235 2639 1369 2729 Siglan'o
1385 2640 1560 2706 Genudir.

182 2749 233 2815 De
249 2747 429 2815 Chiliarcho
443 2748 517 2814 vide
540 2760 604 2814 not.
628 2748 669 2814 ad
691 2748 738 2814 tit.
754 2768 910 2814 ccxxxix.
927 2749 954 2811 7.
972 2771 1011 2814 ss.
1058 2747 1185 2814 Deinde
1210 2745 1244 2812 in
1268 2772 1298 2812 υ.
1320 2749 1349 2812 4.
1373 2763 1561 2814 memoratur

179 2854 368 2922 Praefectura
385 2854 462 2933 Alae,
477 2855 517 2920 de
532 2878 595 2942 qua
616 2853 697 2920 conf.
711 2853 789 2920 ibid
805 2855 900 2920 v.10.
916 2865 991 2932 not,
1005 2866 1038 2919 et
1052 2852 1164 2942 opinor
1178 2852 1406 2929 Dardanorum,
1427 2877 1560 2940 quorum

179 2957 325 3025 meminit
339 2956 418 3023 Dio¹
432 2981 506 3024 cum
520 2957 678 3036 Triballis,
693 2969 764 3038 etc,
780 2956 897 3046 quippe
920 2957 1019 3046 copiae
1044 2971 1201 3043 equestres
1216 2957 1429 3022 Romanorum
1452 2981 1494 3022 ex
1511 2957 1560 3022 his

179 3063 361 3154 regionibus
384 3063 557 3130 maximam
578 3077 699 3152 partem
721 3061 1004 3128 conscribebantur.
1058 3061 1152 3128 Tales
1173 3076 1261 3128 erant
1290 3061 1421 3127 Scubuli
1449 3063 1482 3127 in
1512 3063 1559 3128 tit.

179 3201 263 3268 supr.
279 3177 331 3242 cit.
347 3199 378 3241 v.
393 3175 451 3240 ult.
496 3174 584 3254 Quid
598 3173 676 3240 velit
688 3173 899 3260 fragmentum
922 3168 1087 3237 ΚΕΙΔΑΣ
1110 3174 1145 3238 in
1167 3199 1198 3238 v.
1221 3176 1250 3240 7.
1270 3173 1373 3238 adhuc
1398 3196 1449 3238 me
1475 3175 1558 3240 latet.

181 3285 370 3373 Scripseram
385 3281 419 3347 in
432 3277 542 3370 primis
555 3282 590 3346 in
600 3283 782 3348 minusculis
793 3289 952 3363 οἰκισταῖς.
975 3285 1118 3350 Fortasse
1129 3285 1283 3351 delitescit
1296 3280 1557 3362 ΣΕΙΔΗΤΑΙΣ,

179 3389 234 3476 qui
253 3403 286 3455 ct
299 3387 359 3476 ipsi
371 3386 552 3476 Pamphylii
567 3386 662 3453 suere.
706 3388 792 3455 Vide
806 3389 854 3454 tit.
870 3409 1030 3457 ccxxxrrs.
1076 3389 1260 3455 Concordiae
1275 3413 1399 3477 quoque
1415 3392 1559 3459 Sidetum

179 3519 251 3563 eum
266 3492 395 3559 Attaliis
409 3491 527 3558 indicia
540 3492 661 3557 nummi
675 3492 847 3582 singulares
859 3495 1022 3581 utriusque
1035 3493 1170 3559 civitatis
1184 3495 1375 3582 praeferunr.

243 3603 283 3666 In
308 3599 393 3665 tituli
418 3597 509 3663 initio
527 3597 637 3686 scripsi
662 3599 814 3668 Κιλικίων
838 3600 1011 3666 secundum
1039 3600 1213 3666 litterarum
1242 3601 1375 3668 ductus:
1402 3603 1456 3669 sed
1484 3603 1558 3670 vide

179 3732 283 3778 annon
295 3706 406 3772 melius
420 3703 601 3793 ponendum
621 3703 661 3770 sit
675 3711 792 3783 Λυκίας
806 3711 856 3775 καὶ
873 3706 1072 3794 Παμφυλίας,
1087 3720 1124 3770 ut
1137 3703 1172 3768 in
1186 3704 1297 3772 Franz.
1318 3708 1376 3794 (ex
1396 3707 1555 3795 Fellows.)

72 3859 77 3876 =
177 3843 208 3884 n.
224 3817 328 3894 4240,
343 3812 396 3880 vel
410 3819 543 3892 Λυκίων,
557 3827 616 3880 etc.

207 4058 219 4092 a
236 4050 272 4099 Sc
284 4063 320 4110 ap
328 4047 465 4108 Neapolemr
482 4049 535 4096 vide
545 4063 565 4097 c.
575 4063 630 4098 ιιι.
921 4061 931 4084 *
948 4053 994 4102 Ub.
1004 4067 1065 4113 supr.
1078 4067 1115 4113 pp
1128 4055 1183 4102 168.
1194 4069 1214 4101 s.

208 4143 218 4169 ¹
236 4134 327 4186 Curcul-
340 4147 367 4182 ιι.
381 4137 403 4182 8.
415 4136 437 4182 6.
920 4143 936 4168 '¹
947 4137 1005 4199 Peg.
1019 4140 1055 4185 18.
1069 4152 1090 4184 a.
1102 4138 1163 4185 Edit.
1176 4139 1247 4186 lond.
1260 4137 1376 4186 Forcelbn.

921 4225 932 4251 ¹
950 4219 1012 4267 Hist.
1025 4220 1091 4266 Rom
1104 4232 1137 4266 ur.
1149 4221 1187 4269 27.
1200 4221 1238 4267 fln.

920 4311 930 4346 1
948 4305 1008 4354 Vide
1019 4305 1113 4354 Fclrbd.
1125 4305 1171 4354 vol.
1184 4319 1221 4355 111.
1233 4320 1272 4366 pp.
1283 4308 1320 4356 10.
1333 4321 1351 4354 a
1362 4308 1399 4356 17.
1411 4307 1433 4354 b.

205 4401 217 4427 ¹
233 4393 295 4444 Libr.
306 4392 335 4438 de
345 4389 439 4449 Mundo,
451 4389 500 4437 sub.
511 4388 551 4436 fln.

239 4489 361 4539 rascrc.
372 4489 411 4536 11.
849 4467 903 4534 3c
