3952 5238
161 617 401 702 russanum]
696 616 1018 686 APHRODISIAS.
1488 623 1550 687 313

154 797 279 878 litanos,
315 801 572 889 Lampsacenos',
605 801 879 893 Stephanephoros
911 828 982 870 suos
1013 803 1068 890 qui
1097 817 1130 870 et
1162 803 1334 874 sacerdotia
1363 809 1553 875 exercebant

155 903 317 984 Herculis,
336 903 494 993 Apollinis
511 905 664 993 Solisque,
683 907 912 995 Augustorum.

220 1009 275 1076 En
296 1011 400 1099 capita
414 1011 563 1078 documae
589 1011 629 1079 de
654 1013 714 1078 hoc
729 1012 850 1078 eximio
869 1012 1069 1102 magistratu:
1091 1038 1150 1081 nec
1172 1015 1336 1082 dissentire
1351 1017 1455 1096 video,
1471 1041 1548 1104 qua-

154 1129 247 1183 tenus
268 1116 307 1183 de
332 1117 433 1205 gradu
457 1117 635 1184 Pontificali
655 1117 769 1206 agitur,
789 1143 904 1208 magna
923 1119 1052 1186 nomina
1068 1119 1240 1186 Seldenum
1259 1135 1292 1188 et
1310 1121 1548 1211 Spanhemium,

154 1227 241 1293 hunc
255 1228 338 1293 inter
352 1228 525 1293 eruendum
535 1253 645 1295 verum
659 1253 784 1295 sensum
795 1230 982 1318 epigraphes
996 1225 1547 1312 ΠΕΦΑΝΗΦΟΡΟΣ.ΧΙΟΣ“.,

150 1337 245 1436 illum
265 1339 298 1404 in
314 1341 576 1405 commentatione
595 1340 636 1406 ad
650 1341 746 1407 verba
761 1339 902 1406 Foederis
922 1341 1155 1431 Smyrnaeorum
1175 1355 1208 1409 et
1223 1342 1420 1433 Magnetum,
1446 1343 1549 1410 ΣΤΕ-

153 1445 461 1518 ΦΑΝΗΦΟΡΟΥ.
474 1449 552 1516 ΔΕ.
567 1447 899 1517 ΠΥΘΟΔΩΡΟΥΥ.
942 1453 1085 1520 Statuere
1105 1453 1233 1540 quidem
1249 1454 1375 1521 videtur
1395 1456 1549 1524 Seldenus

154 1559 330 1627 doctrinam
351 1586 445 1648 quam
469 1585 512 1627 ex
532 1561 625 1627 titulo
650 1585 707 1627 suo
724 1560 906 1649 Smyrnensi
926 1561 1057 1648 probare
1072 1573 1203 1626 conatur
1220 1561 1372 1641 Patinus⁸‚
1388 1563 1548 1652 duplicem

153 1667 247 1733 fuisse
262 1667 573 1757 Stephanephoriam,
594 1681 627 1735 et
647 1667 811 1734 officialem
833 1681 866 1734 et
885 1668 1092 1746 honorariam,
1114 1667 1175 1733 hoo
1189 1681 1245 1746 est
1267 1669 1425 1757 praefuisse
1446 1697 1546 1738 unum

150 1771 288 1859 aliquem
309 1772 344 1836 in
360 1797 442 1839 anno
462 1797 517 1838 suo
529 1774 672 1849 electum,
695 1773 844 1838 meruisse
867 1771 942 1837 alios
964 1771 1093 1837 titulum
1115 1773 1317 1841 honorarium
1332 1791 1403 1865 post
1424 1803 1542 1846 annum

153 1891 302 1944 exactum
325 1879 428 1957 officii,
451 1893 487 1945 ut
511 1879 589 1945 adeo
609 1903 732 1967 semper
754 1877 1006 1967 Stephanephori
1032 1877 1219 1944 dicerentur.
1273 1880 1361 1949 Huic
1383 1887 1545 1952 sententiae

152 1985 285 2051 minime
296 1985 483 2075 suffragatur
496 1986 694 2053 Vandalius:
716 1985 886 2052 certissime
908 1983 1054 2050 concludi
1073 1984 1184 2071 nequit
1205 2009 1248 2051 ex
1268 1987 1440 2076 epigraphe
1460 1991 1545 2057 Pati·

153 2090 248 2157 niana
259 2115 329 2177 quae
343 2115 483 2158 mensem
494 2105 617 2157 tantum
628 2091 719 2179 ponit
735 2089 1013 2179 Stephanephoriae
1028 2089 1110 2154 AElii
1122 2090 1239 2156 Bionis.

222 2199 402 2288 Eponymia
420 2201 551 2287 hujusce
570 2199 768 2289 magistratus
784 2199 819 2263 in
839 2197 1026 2286 quibusdam
1048 2196 1229 2262 civitatibus
1241 2211 1325 2264 certa
1339 2198 1402 2265 fide
1414 2213 1543 2267 constat.

154 2305 192 2370 In
213 2305 408 2394 Smymensi‚
430 2331 472 2373 ex
494 2306 709 2382 marmoribus,
730 2305 835 2392 qualia
860 2328 903 2370 ex
925 2302 1054 2391 Sponio,
1071 2301 1240 2382 Pooockio‚
1258 2303 1382 2381 Paline,
1398 2303 1432 2368 in
1451 2328 1545 2392 opere

152 2409 274 2475 dudum
299 2409 385 2476 edito
411 2410 507 2488 dedi‘,
533 2410 647 2496 quibus
673 2425 706 2476 et
731 2409 953 2474 Philostratusb
979 2407 1142 2486 consentit,
1172 2423 1344 2475 memorato
1374 2409 1544 2478 Heraclide

151 2515 291 2604 sophista
307 2515 610 2604 Stephanephoriam
636 2517 772 2582 obeunte
788 2516 841 2602 ἀφ’
856 2520 894 2593 ἧς
908 2525 976 2592 ταῖς
992 2519 1146 2592 ἐνιαυτοῖς
1160 2514 1293 2583 τίθενται
1310 2524 1483 2604 Σμυρναῖοι
1504 2522 1542 2586 τὰ

151 2629 302 2710 ὀνόματα.
345 2623 396 2690 De
411 2624 615 2712 Magnetibus
634 2621 851 2711 probationem
874 2621 1002 2688 conficit
1019 2621 1172 2688 Seldenus
1192 2645 1234 2688 ex
1250 2623 1402 2700 Platone,
1418 2636 1450 2688 et
1464 2647 1543 2689 mar·

150 2753 237 2796 more
256 2730 434 2797 Oxoniensi
449 2733 512 2808 11⁶⁰,
537 2731 571 2796 in
594 2755 657 2818 quo
673 2729 798 2795 Foederi
822 2729 1001 2818 supradicto
1024 2729 1212 2796 adscribitur
1231 2753 1348 2795 nomen
1369 2731 1542 2818 Stephane-

150 2835 252 2924 phori,
269 2861 433 2924 promere,
444 2838 483 2903 ad
498 2861 615 2904 annum
631 2837 869 2926 designandum.

213 2943 309 3009 Nunc
329 2943 369 3010 de
389 2945 509 3034 origine
535 2945 760 3034 designationis
782 2969 882 3034 pauca
904 2945 1061 3011 monenda
1084 2957 1168 3010 sunt.
1213 2943 1351 3010 Dixerat
1376 2943 1542 3010 Seldenus‘¹

149 3049 342 3116 sacerdotem
362 3075 519 3117 summum
539 3053 624 3140 apud
641 3052 845 3140 Smyrnenses
871 3051 1070 3140 postmodum
1086 3049 1328 3140 appellationem
1343 3050 1486 3116 sortitum
1502 3052 1542 3116 ad

148 3156 280 3222 aliarum
295 3156 469 3236 civitatum,
485 3159 599 3244 quibus
614 3183 680 3224 vox
694 3158 749 3225 illa
762 3158 797 3224 in
814 3183 873 3224 usn
888 3159 996 3236 fuerat,
1013 3157 1215 3246 exemplum:
1240 3155 1427 3234 Tristanus²‚
1439 3155 1541 3220 Athe·

147 3261 305 3328 niensium
322 3263 429 3352 ἀρχὴν
444 3267 685 3352 στεφανηφόρον
710 3263 750 3328 ad
774 3261 896 3327 Ioniam
911 3285 983 3328 cum
999 3262 1118 3327 colonis
1133 3260 1250 3326 Atticis
1274 3260 1432 3349 migrasse.
1476 3257 1541 3324 Hic

146 3369 304 3436 suboritur
329 3369 467 3456 quaestio,
484 3393 578 3456 quare
602 3367 677 3433 huic
697 3365 891 3454 magistratui
912 3389 1027 3430 nomen
1052 3364 1148 3431 suerit
1167 3364 1332 3442 tributum,
1350 3387 1448 3450 quum
1468 3362 1541 3429 satis

146 3491 268 3544 constet
282 3476 451 3542 Pontifices
477 3497 583 3542 omnes
603 3495 731 3538 coronas
756 3477 911 3560 gestasse?
965 3471 1076 3536 Nodus
1105 3470 1185 3536 solvi
1214 3483 1318 3558 potest
1340 3467 1539 3555 conjiciendo

145 3609 256 3652 vocem
282 3607 352 3670 quae
375 3582 477 3671 primo
499 3593 640 3647 oracutum
668 3577 702 3644 in
725 3601 840 3666 genere
866 3577 1084 3666 designaverat
1112 3591 1219 3666 postea
1243 3599 1303 3641 usu
1332 3575 1481 3642 sermonis
1507 3587 1539 3639 et

175 3857 190 3882 '
203 3850 271 3900 Cant
284 3849 374 3897 Biiclrh.
387 3863 410 3896 n.
419 3851 490 3897 3642.
895 3850 906 3876 ⁰
924 3845 959 3892 De
968 3844 1047 3905 legib.
1060 3856 1107 3892 xn.
1118 3857 1140 3902 p.
1155 3845 1210 3890 947.
1222 3855 1243 3890 ι.

174 3940 186 3966 ¹
202 3935 264 3981 Vide
273 3933 401 3980 Dissertv.
411 3946 433 3992 p.
442 3929 581 3979 248.th
590 3929 693 3978 Addsud
703 3943 725 3988 p.
735 3929 789 3976 722.
895 3927 907 3962 ‘¹
924 3931 1013 3978 Comm.
1026 3931 1051 3976 ia
1062 3930 1145 3976 Marna
1158 3929 1246 3976 Arund.
1259 3943 1280 3989 p.
1293 3931 1346 3978 187.

174 4027 184 4062 1
201 4019 268 4068 conf.
277 4020 302 4066 in
311 4019 394 4065 Marna
407 4017 484 4066 Oxou.
493 4031 519 4066 u
527 4032 549 4077 p.
562 4019 615 4065 185.
894 4017 905 4044 ²
921 4013 981 4060 Vide
1002 4012 1044 4060 loc.
1067 4012 1130 4058 citat.
1154 4025 1215 4072 supr.
1238 4011 1340 4060 Adhibet
1366 4004 1495 4056 Platonun'
1511 4011 1551 4076 et¹

173 4106 330 4155 'comment
349 4105 374 4152 ia
389 4105 451 4152 Mon.
469 4105 549 4166 Antiq.
570 4117 608 4166 pp.
625 4105 720 4152 totas
754 4101 814 4148 Vide
863 4097 1009 4156 Athonem,
1022 4097 1141 4158 dequibus
1149 4103 1229 4144 antem
1250 4097 1349 4144 Paulum
1360 4109 1449 4156 quoque
1460 4093 1534 4141 Alex·

142 4191 227 4240 Fascia
239 4205 256 4238 ι
269 4193 357 4252 psol.
864 4183 986 4230 andrinmn
1003 4184 1028 4229 in
1045 4183 1110 4242 libro,
1124 4183 1296 4244 Apotelemata
1314 4184 1339 4228 ιἰι
1358 4182 1488 4229 darom
1506 4181 1535 4226 de

172 4277 286 4324 truie.
303 4289 320 4324 ι,
338 4277 383 4324 fite
396 4277 412 4323 s,
427 4291 451 4338 g,
465 4291 502 4336 pp,
515 4277 569 4324 201,
582 4290 600 4322 ι,
634 4273 813 4323 lanaeum,
864 4264 1533 4330 notationumnoenoetdigniares'spxrupstc,nw-

142 4361 293 4408 aestaset.
862 4347 960 4412 κόρους,
975 4345 1129 4408 Βννλιντιὶς,
1145 4345 1295 4414 Πρυτάνεις,
1311 4347 1531 4412 Στιφανηφόρανς.

172 4441 358 4503 bviasmhut
371 4455 398 4492 11.
410 4445 449 4492 26.
460 4445 481 4491 2.

203 4543 321 4591 rasore.
331 4545 368 4590 11.
814 4526 833 4587 2
850 4544 865 4588 s
