3972 5240
165 565 610 654 rusca.ccxxv.-ccxxv11.]
800 565 1020 632 ATTALIA.
1499 573 1563 635 221

220 753 369 827 Titulus
397 753 607 850 sepulcralis
630 753 677 826 de
707 751 813 826 theca
842 753 1053 852 descriptus.
1105 757 1259 829 Enarrat
1286 756 1559 855 turriculam(?)

165 875 281 950 fuisse
300 900 322 948 a
338 874 495 972 quodam
513 872 797 971 Maximianum
816 895 882 970 pro
900 897 937 944 se
955 885 993 946 et
1009 873 1149 946 libertis
1167 874 1239 947 suis
1257 886 1487 948 exstructam.

246 994 409 1068 Plurima
435 1018 484 1066 ex
509 993 628 1091 lapide
658 1004 888 1066 evanuerant.
940 991 1047 1084 Quod
1075 995 1180 1089 posui
1207 1018 1274 1090 pro
1301 995 1446 1068 nomine
1478 1021 1560 1068 con·

168 1113 301 1188 ditoris
328 1113 366 1186 in
394 1139 425 1185 v.
443 1120 473 1186 l.
488 1112 780 1188 .mcertissimum
816 1124 880 1198 est,
910 1135 1028 1207 neque
1058 1113 1096 1183 in
1130 1112 1200 1185 hoc
1227 1113 1323 1185 viam
1356 1115 1560 1212 complanat

168 1259 294 1333 apogr.
312 1232 490 1320 Borrellii‚
509 1233 576 1305 viz.
598 1234 1001 1305 ΜΥ.ΗΞΝΕΜΑΝΟΣ.
1058 1231 1173 1304 Vocis
1191 1255 1299 1327 quarn
1317 1231 1426 1306 intuli
1441 1235 1480 1306 in
1498 1236 1560 1308 rni-

166 1357 334 1433 uusculis
353 1355 419 1455 (sc.
438 1348 670 1453 πυργῖσκον)
694 1353 811 1426 habeo
837 1353 1026 1427 dumtaxat
1048 1355 1260 1450 particulam
1282 1363 1404 1452 ΞΟΝ;
1432 1360 1495 1433 sed
1512 1361 1559 1434 fa·

168 1505 257 1554 vere
274 1479 424 1552 lectioni
441 1478 550 1552 oredo
569 1477 714 1551 titulum
732 1476 795 1572 qui
811 1475 977 1572 proxime
996 1479 1166 1571 sequitur.

723 1735 941 1813 CCXXVI.
967 1763 1012 1810 m.

474 1907 754 1977 ΟΥΚΟΙΣΚΑΙ.
778 1955 787 1975 .
811 1908 1257 1978 .ΤΟΥΓΝΙΟΣΙΟΓΝοΣ

477 2019 1107 2089 ΕΙΔΙΑΝΟΣΖΩΝΕΑΥΤΩΙΚΑΙΚΑ

501 2132 1271 2203 ΙΟΥΡΝΙΑΝΑΝΩΙΤΗΙΓΥΝΑΙΚΙΑΥΤΟΥ

169 2297 398 2403 Πυργίσκον
428 2305 562 2378 τοῦτον
600 2301 732 2382 Γναῖος
761 2294 913 2383 Ἰούνιος
945 2296 1195 2384 Ποσειδιανός
1235 2298 1306 2402 ζῶν
1344 2301 1460 2406 ἑαυτῷ
1498 2302 1557 2379 καὶ

289 2429 535 2535 Καλπουρνίᾳ
555 2425 667 2535 Νᾶνῳ
686 2431 732 2533 τῇ
750 2431 896 2532 γυναικὶ
915 2430 1028 2509 αὐτοῦ
1048 2437 1114 2538 (so.
1126 2428 1434 2523 κατεσκεύασεν).

249 2625 397 2698 Titulus
424 2623 640 2721 sepulcralis.
692 2623 906 2697 Posidianus
927 2625 1074 2723 quidam
1091 2625 1233 2700 thecam
1251 2625 1476 2725 turritam(?)
1496 2651 1557 2699 ex·

167 2744 311 2820 struxit
326 2743 365 2816 in
382 2767 486 2815 suum
504 2765 609 2814 usum
627 2741 862 2839 conjugisque
882 2743 1087 2840 Calpurniae
1106 2745 1211 2817 Naui.

244 2864 373 2938 Habui
399 2861 644 2962 apographum
668 2863 892 2937 aBorrellio.
945 2865 1041 2938 Dedi
1067 2866 1106 2938 in
1128 2866 1339 2940 minusculis
1365 2892 1446 2962 quae
1468 2869 1557 2941 mihi

164 2983 380 3085 probatiora
399 2981 484 3055 visa.
546 2982 591 3053 In
616 2981 750 3078 primis,
768 2981 878 3054 credo
904 2983 1142 3056 certissimum
1171 2984 1263 3058 illud
1292 2992 1553 3062 ΠΥΡΓΙΣΚΟΝ

162 3106 389 3194 ΤΟΥΤΟΝ,
419 3100 550 3174 sedin
580 3101 814 3197 sequentibus
843 3102 971 3176 haaren.
1024 3105 1169 3178 Possint
1195 3105 1303 3178 fuisse
1323 3112 1555 3180 ΚΑΤΕΣΚΕΥ

164 3225 413 3297 ΑΣΕΝΠΟΣ.

246 3342 372 3418 Video
390 3341 535 3416 titulum
552 3367 601 3415 ex
618 3339 760 3414 schedis
774 3340 971 3414 Beausortii
999 3368 1019 3415 a
1036 3343 1202 3416 Franzio'
1222 3342 1359 3418 editum
1378 3345 1440 3440 qui
1456 3342 1555 3417 haud

163 3465 284 3537 dubie
309 3459 435 3534 eodem
457 3485 539 3534 cum
567 3471 691 3532 nostro
713 3473 859 3554 spectat,
888 3459 952 3530 sed
977 3484 1060 3532 cum
1087 3459 1302 3534 lectionibus
1328 3463 1456 3536 misere
1483 3476 1554 3535 tur·

161 3584 263 3660 batis
282 3580 374 3654 adeo
390 3593 432 3654 ut
447 3578 580 3653 frustra
596 3577 788 3652 tentaverit
804 3577 861 3650 vir
877 3576 1013 3651 doctus.

715 3803 952 3881 CCXXVII.
979 3833 1013 3879 n.

160 3986 309 4068 Λουκὶι·
329 3985 498 4066 Πακωνὶο
521 3989 630 4062 τοῦτο
659 3977 702 4061 τὸ
731 3977 952 4086 κενοτάφιον
971 3977 1246 4060 κατεσκεύασεν
1266 3982 1408 4088 ἐμαυτῷ
1428 3983 1488 4060 καὶ
1507 4017 1551 4087 τῃ

154 4117 317 4224 συμβίῳ
341 4150 413 4215 μου
432 4117 588 4198 καὶτοῖς
607 4111 744 4193 τέκνων
763 4109 903 4194 τέκνοις
929 4113 989 4189 καὶ
1017 4116 1095 4195 τοῖς
1124 4109 1396 4214 ἀπελευθέροις·
1428 4109 1492 4192 ε’ὰν
1511 4113 1555 4191 δέ

630 4351 642 4391 ¹
658 4347 718 4406 Ubi
732 4365 828 4423 supra,
844 4365 872 4403 n.
884 4349 970 4406 4341.
984 4367 1011 4424 p.
1026 4349 1089 4410 170.
