3992 5240
448 612 509 674 130
860 603 1211 672 INSCRIPTIONES
1233 603 1424 671 GRAECAE.
1620 603 1837 686 [mecmcrnv.

445 796 687 882 achonum,
715 807 753 869 et
781 791 979 870 secundum
1007 818 1089 867 eum
1118 791 1347 878 aBockhid,
1365 793 1573 888 praebentur
1590 791 1839 879 Istroniorum,

448 918 700 1018 Sybritiorum‚
715 914 913 1002 Arcadum,
931 911 1275 1014 Pollyrrheniorum,
1294 923 1332 985 et
1349 911 1544 986 Letiorum.
1597 912 1738 1008 Incipio
1756 938 1839 986 cum

447 1042 594 1116 decreto
612 1039 934 1140 Polyrrheniorum
956 1063 1072 1136 usque
1095 1037 1141 1113 ed
1158 1063 1191 1114 v.
1209 1043 1242 1112 4.
1261 1038 1347 1112 dein
1364 1062 1413 1111 ex
1435 1037 1542 1110 Latio
1559 1035 1712 1110 conficio
1730 1057 1787 1109 vv.
1807 1042 1839 1110 5.

447 1165 479 1236 6.
500 1164 530 1234 7.
582 1161 663 1234 Hos
680 1160 870 1258 excipiunt
886 1161 1042 1234 Istroniu
1068 1171 1106 1233 et
1123 1159 1282 1258 Sybritia
1298 1157 1346 1232 ad
1361 1183 1394 1232 v.
1412 1159 1468 1232 15.
1486 1156 1533 1230 ed
1549 1181 1657 1253 quem
1676 1159 1840 1256 supplen-

446 1289 533 1361 dum
557 1299 595 1360 et
613 1286 759 1360 Latium
782 1310 883 1372 νοοο,
911 1299 953 1360 ut
982 1297 1019 1359 et
1041 1286 1079 1358 in
1096 1311 1128 1358 v.
1150 1287 1205 1358 16.
1235 1283 1385 1359 inducto
1406 1283 1562 1358 lectione
1579 1271 1836 1360 Ἀπόλλωνος.

447 1407 615 1504 Denique
643 1405 785 1480 restitui
812 1431 870 1478 vv.
893 1408 1022 1478 1118.
1048 1429 1097 1478 ex
1125 1403 1221 1478 decr.
1256 1405 1385 1478 Istron.
1415 1415 1453 1476 et
1479 1402 1613 1478 Arcad.
1665 1403 1839 1501 Reliquos

446 1550 604 1600 marmor
619 1525 738 1622 ipsum
757 1522 970 1622 suppeditet.
1025 1525 1086 1596 Ex
1111 1521 1212 1596 hisce
1240 1523 1325 1596 sutis
1348 1523 1574 1597 luculentum
1592 1535 1648 1597 est
1663 1523 1839 1624 inscripti·

447 1671 553 1718 onem
572 1645 790 1743 singularem
816 1642 979 1718 nondum
1005 1641 1117 1716 fuisse
1134 1641 1268 1716 editum
1291 1667 1373 1737 quae
1399 1643 1445 1716 ub
1463 1644 1562 1716 omni
1588 1655 1691 1741 purte
1709 1659 1839 1720 nostre

447 1764 624 1860 congruit,
642 1762 681 1836 id
699 1762 799 1861 quod
816 1775 1068 1862 argumentum
1093 1763 1234 1861 praebet
1251 1763 1336 1836 satis
1353 1764 1514 1838 validum
1532 1789 1598 1837 nos
1615 1789 1664 1838 ex
1681 1768 1838 1839 tenebris

448 1883 537 1978 quid
563 1885 649 1958 novi
676 1883 894 1982 protulisse'.
957 1885 1092 1960 Utrum
1109 1881 1431 1982 Polyrrheniorum
1454 1884 1509 1970 sit,
1527 1908 1651 1971 necne,
1676 1885 1838 1980 judican-

447 2003 535 2077 dum
553 2003 775 2079 doctioribus
795 2005 966 2103 permitto
995 2004 1059 2100 qui
1087 2001 1338 2103 supplements
1362 2027 1443 2077 meu
1470 2005 1582 2100 aequis
1605 2003 1735 2078 animis
1752 2008 1838 2080 acci·

447 2126 555 2222 piant.

522 2241 632 2312 Facto
648 2264 731 2312 cum
749 2239 849 2312 hisce
867 2261 1023 2334 quorum
1041 2237 1188 2310 memini
1206 2235 1361 2310 decretis
1378 2235 1581 2330 collatione,
1598 2239 1838 2312 correctiones

447 2359 620 2456 quasdam
654 2358 851 2458 apographi
878 2359 951 2432 mei
977 2357 1150 2431 inducere
1178 2382 1285 2430 ausus
1312 2382 1401 2444 sum,
1428 2357 1553 2452 quales
1581 2371 1674 2442 sunt,
1701 2358 1741 2432 in
1758 2363 1837 2430 v.1.

449 2483 666 2566 uersuum,
684 2479 748 2552 ubi
765 2479 922 2574 primum
942 2479 1149 2564 rentum,
1168 2476 1300 2550 deinde
1320 2484 1346 2549 Γ
1347 2482 1415 2551 PM
1426 2485 1484 2569 ·Ν,
1503 2475 1638 2573 scripsi.
1692 2479 1738 2551 In
1756 2504 1787 2550 v.
1806 2481 1837 2552 4.

448 2623 529 2695 quse
556 2599 673 2696 primo
697 2597 870 2695 descripsi
887 2601 1281 2684 ΑΙΚΝΩΣΟΘΕΝΚΕΙ,
1305 2611 1342 2672 et
1364 2598 1595 2696 postmodum
1612 2606 1838 2676 ΑΙΚΝΩΣΟ·

446 2725 615 2806 ΘΕΙΝΑΙ,
627 2719 797 2818 inspectis
810 2719 982 2807 Istroniis‚
997 2719 1176 2818 Sybritiis‚
1190 2731 1256 2792 etc.
1271 2719 1317 2792 ud
1335 2720 1475 2792 saniora
1491 2718 1664 2792 reducere
1684 2723 1839 2794 conabor

449 2845 671 2928 κΗΣΩΝΤΙ,
698 2841 758 2914 vel
785 2841 885 2937 quod
911 2842 1098 2938 probatius
1116 2840 1271 2925 videtur,
1295 2845 1635 2914 ΚΗΣΩΣΙΝΤΙΝΑ.
1693 2841 1739 2914 In
1756 2867 1788 2914 v.
1807 2844 1837 2914 9.

446 2959 505 3032 fin.
529 2961 676 3033 exaravi
698 2966 885 3036 ΤΟΚΛΕΙ.
935 2962 1122 3035 Debebum
1139 2965 1309 3036 ΤΟΚΑΕΙ
1329 2959 1388 3033 vel
1409 2965 1627 3035 TOKMEL
1678 2962 1722 3035 In
1734 2987 1767 3034 v.
1785 2965 1838 3034 10.

448 3080 548 3176 quod
575 3081 738 3178 expressi
766 3086 1049 3156 ΟΔΙΔΟΝΤΕΣ
1071 3091 1149 3152 erut
1174 3077 1364 3152 manifesto
1394 3078 1515 3176 lapsus
1542 3079 1690 3153 nitentis
1713 3081 1753 3154 in
1780 3085 1840 3156 ob

451 3227 576 3276 scuro:
603 3206 794 3300 oportebat
809 3205 1186 3280 ΟΔΙΔΟΜΕΝΤΟΣ.
1241 3201 1383 3274 Deinde
1395 3201 1594 3274 cruciatum
1604 3200 1739 3298 pertuli
1756 3201 1837 3274 inv.

451 3326 505 3396 11.
534 3324 715 3420 expressis
742 3336 779 3398 et
805 3329 1091 3398 ΑΓΕΛΑΩΝΟΣ
1113 3335 1150 3396 et
1172 3325 1463 3396 ΑΙΓΛΑΩΝΟΣ.
1520 3322 1621 3394 Vere
1649 3320 1758 3395 lectio
1785 3335 1839 3394 est

447 3436 694 3526 Ἀπόλλωνος
724 3448 775 3522 τῶ
806 3443 962 3550 Δελφῶ,
993 3461 1035 3521 nt
1062 3437 1224 3523 Ἀθάνας
1258 3445 1324 3522 τᾶς
1355 3434 1546 3521 Πολιάδος
1580 3447 1633 3520 ιιι,
1651 3447 1712 3521 fin.
1744 3447 1840 3522 decr.

449 3568 694 3642 Istroniorum.
752 3571 920 3666 Denique
951 3569 988 3640 in
1012 3592 1045 3639 v.
1066 3569 1121 3640 14.
1151 3565 1282 3638 leviter
1309 3589 1462 3662 peccans
1489 3589 1555 3662 pro
1585 3572 1710 3640 ΕΜΕΝ
1733 3569 1840 3642 intuli

453 3695 568 3762 ΜΕΝ.

490 3847 591 3906 evol.
613 3865 644 3906 ιι.
677 3869 725 3925 pp.
756 3843 823 3907 635.
858 3847 927 3913 637.
955 3849 1022 3910 640.
1051 3849 1118 3911 642.
1171 3852 1202 3908 iu
1216 3851 1418 3927 medioopptiio
1441 3851 1532 3909 situm
1546 3872 1562 3908 u
1577 3853 1661 3911 domo
1675 3853 1765 3930 Aghae
1783 3875 1840 3911 non

449 3947 517 4008 643.
1169 3949 1285 4026 longius
1298 3949 1417 4006 distans.

490 4046 620 4104 'Refert
644 4043 825 4104 Chundlerus
849 4047 882 4104 in
905 4047 1007 4124 Syllae.
1027 4048 1118 4106 Im.
1211 4053 1230 4082 ⁹
1245 4050 1293 4106 Ex
1313 4047 1368 4106 hoo
1389 4047 1502 4108 dudum
1524 4050 1665 4110 somniavi
1682 4049 1717 4110 de
1733 4050 1840 4112 sudem
1975 4071 1976 4118 ι

450 4166 479 4222 p.
494 4161 536 4202 111.
550 4143 697 4202 sevidisse
714 4143 745 4200 in
764 4143 879 4204 duobus
898 4146 1068 4223 fragmentis
1088 4147 1119 4206 in
1170 4147 1294 4224 quodum
1321 4147 1419 4226 ssyliae
1446 4167 1513 4206 oum
1535 4149 1738 4226 Agrigentinis
1757 4153 1839 4210 inito.

450 4245 552 4304 balneo
573 4263 660 4320 prope
685 4243 819 4321 Siyudjek
848 4245 996 4304 decretum
1024 4246 1120 4306 Rbeu·
1173 4246 1241 4304 Ideo
1252 4246 1405 4306 emendent
1415 4245 1501 4304 velim
1516 4246 1637 4306 lectores
1657 4268 1720 4324 quae
1736 4251 1770 4308 de
1788 4251 1841 4309 hec

466 4345 529 4402 ium
555 4363 623 4401 cum
647 4343 843 4424 Cydonietico‚
870 4345 1071 4425 Polyrrhenio,
1091 4355 1121 4403 et
1172 4345 1414 4424 muterioprotuli
1423 4346 1455 4402 in
1463 4355 1530 4404 cett.
1538 4346 1608 4422 Reg.
1616 4347 1706 4406 Acsd.
1714 4349 1837 4410 Hibern

450 4441 547 4502 tribus
568 4442 640 4500 eliis.
682 4443 824 4502 Balneum
845 4445 924 4521 quod
947 4445 1035 4504 invisi
1058 4454 1120 4502 eret
1172 4445 1228 4502 vol.
1244 4461 1310 4504 xxr.
