3992 5240
462 545 522 609 116
867 541 1218 610 INSCRIPTIONES
1239 543 1431 610 GRAECAE.
1549 544 1842 632 [iusoaomcxu.

460 771 574 837 μενον
590 732 826 840 πορθμεύειν,
840 735 939 820 ὅπως
957 733 1161 840 ἐπάναγκες
1181 736 1305 822 αὐτοῖς
1324 739 1359 816 οἱ
1379 731 1546 838 δεόμενοι
1565 741 1631 838 τῆς
1648 739 1841 843 πορθμείαν

461 877 633 975 χρῶνται·
668 866 864 971 ὁμοίωσδὲ
890 871 951 949 καὶ
981 871 1067 973 περὶ
1100 867 1166 955 τὰς
1197 869 1319 955 ἄλλας
1349 871 1552 975 πορθμείας
1585 880 1839 975 κακουργοῦσι·

461 1002 555 1085 κατὰ
574 1013 690 1084 ταῦτα
709 1000 816 1108 ἔδοξε
836 1008 881 1110 τῇ
903 1007 1030 1109 Βουλῇ
1052 1005 1112 1083 καὶ
1132 1005 1184 1111 τῷ
1202 1000 1321 1111 Δῆμῳ
1335 1001 1430 1083 καθὰ
1445 1003 1699 1108 εἰσηγήσαντο
1723 1051 1738 1064 ·
1761 1053 1774 1065 -
1795 1052 1839 1064 --

536 1235 580 1306 In
614 1233 683 1306 hoe
718 1233 825 1306 titulo
858 1234 991 1332 insigni
1027 1231 1220 1306 exordium
1249 1231 1424 1307 habemus
1453 1235 1706 1332 psephismatis
1736 1237 1841 1334 capite

461 1355 626 1428 mutilum
653 1353 826 1428 adversus
849 1353 1025 1451 quosdam
1050 1351 1234 1428 maleficos
1257 1355 1322 1451 qui
1337 1355 1462 1452 {legem
1484 1355 1530 1429 de
1553 1354 1842 1430 transfretationis

461 1474 570 1548 naulo
581 1475 811 1548 constitutam
830 1475 1063 1562 violaverant,
1075 1474 1293 1572 spondentes
1310 1487 1348 1549 et
1363 1475 1433 1572 ipsi
1450 1476 1697 1572 trajectionem
1715 1478 1842 1550 minore

459 1595 576 1692 pretio
593 1609 814 1692 ceterosque,
831 1609 874 1670 ut
890 1621 974 1670 cum
991 1595 1064 1668 illis
1081 1594 1250 1682 facerent,
1268 1596 1306 1668 vi
1323 1595 1518 1694 adigentes.

534 1716 719 1814 Descripsi
747 1715 793 1789 de
821 1740 997 1789 marmore
1024 1715 1139 1789 fracto
1161 1715 1270 1813 quod,
1290 1714 1377 1788 dum
1396 1717 1603 1812 jacerentur
1618 1701 1842 1790 fundamenta

461 1834 592 1909 aedium
606 1837 675 1909 viri
693 1837 823 1910 summi
836 1836 932 1910 inter
943 1837 1102 1929 Graecos,
1116 1835 1387 1934 Expotriaroha‚
1402 1838 1527 1911 subter
1539 1837 1655 1910 solum
1670 1850 1842 1935 repertum

459 1969 520 2030 est.
573 1958 680 2030 Nuno
698 1983 719 2031 a
736 1957 916 2031 Borrellio
933 1957 1027 2031 inter
1044 1957 1187 2030 cimelia
1205 1981 1269 2030 sua
1286 1969 1499 2030 asservatur.

1061 2259 1197 2335 cxur.
1224 2261 1258 2352 a.

1040 2485 1377 2562 ΑΓΛΘΗΙΤΥΧΗΙ

1009 2599 1319 2675 τΠἸΑΤΡΙΣΟΥΛ

1006 2713 1412 2786 usamentum!

1010 2827 1363 2902 ΙΕΡΑΖΑΜΕΝΗΝ

929 2939 950 3009 5
1007 2939 1388 3011 ΤΗΣΑΡΤΕΜΙΔΟΞ
1435 2961 1438 2968 ·

1006 3051 1396 3126 ΛΡΧΙΕΡΕΙΑΝἩΣΛ

1008 3165 1441 3237 ΣΙΑΣΝΑΘΝΤΩΝΕΝ

1005 3275 1382 3350 inventuram

1005 3391 1366 3462 θΕΤΗΝΤΡΙΣΤΗΣ

907 3494 953 3564 10
1006 3500 1372 3575 ΠΑΤΗΔΟΣΙΕΡΕΙ

1009 3615 1368 3688 ΑΝΔΙΑΒΙΟΥΤΗΣ

1038 3726 1352 3800 ΜΙ-ΙΤΡΟΣΤΘΝ

1129 3841 1268 3914 otuu

458 4056 602 4162 Ἀγαθῇ
646 4052 752 4160 τύχῃ·
793 4056 815 4154 ἡ
847 4058 980 4159 πατρὶς
1020 4057 1199 4137 Ούλπίαν
1230 4051 1481 4162 Μαρκέλλαν
1506 4055 1753 4159 ἱερασομένην
1782 4057 1839 4152 τῆς

458 4190 688 4295 Ἀρτέμιδος,
709 4191 917 4296 ἀρχιέρειαν
936 4197 1002 4292 τῆς
1020 4189 1155 4278 Ἀσίας·
1175 4199 1271 4274 ναῶν
1290 4198 1364 4272 τῶν
1384 4193 1422 4271 ἐν
1434 4187 1600 4296 Σμύρνη,
1615 4187 1839 4292 ἀγωνοθέτην

565 4327 644 4427 τρὶς
664 4327 728 4424 τῆς
747 4323 939 4427 πατρίδος,
960 4325 1094 4430 ἱέρειαν
1113 4323 1174 4405 διὰ
1192 4325 1280 4421 βίον
1299 4328 1364 4424 τῆς
1386 4318 1543 4425 Μητρὸς
1563 4327 1636 4401 τῶν
1656 4323 1759 4401 θεῶν.
