3992 5240
461 572 522 636 122
866 565 1216 635 INSCRIPTIONES
1238 567 1430 635 GRAEOAE.
1583 569 1702 659 [rusca.
1718 589 1841 650 cn.,cnr.

461 762 687 862 ἐπικειμένης
714 769 846 865 σοροῦ,
869 757 893 861 ἢ
922 758 1091 842 κωλύσαι
1120 795 1157 841 τι
1186 763 1259 841 τῶν
1284 762 1577 865 διατεταγμένων
1601 765 1687 867 περὶ
1718 765 1839 845 αὐτοῦ·

577 894 666 1000 περί
682 927 722 974 τε
740 889 873 974 τούτου
892 891 1192 999 ἠσφαλισμὲνων
1211 885 1395 998 ἕξονσίων
1414 895 1474 974 ἐπὶ
1493 897 1539 1001 τῇ
1560 893 1727 1001 διαθήκῃ.

537 1091 681 1166 Titulus
699 1088 914 1186 sepulcralis.
968 1087 1183 1162 Theodorus
1203 1087 1283 1186 (vel
1300 1087 1533 1186 Theodotus)
1552 1089 1700 1186 quidam
1721 1117 1842 1168 monn·

461 1227 623 1288 mentum
651 1221 882 1284 exstruxerat
906 1209 944 1282 in
972 1234 1077 1282 usum
1096 1209 1226 1306 (ipsius
1236 1209 1273 1306 l)
1292 1221 1330 1283 et
1351 1208 1565 1308 (Chrysiil)
1596 1223 1633 1284 et
1659 1213 1841 1310 conjugis3

462 1337 675 1410 libertorum
705 1354 849 1428 quoque
879 1341 1123 1426 nepotumque
1153 1329 1308 1403 illorum.
1361 1329 1458 1404 Dein
1478 1329 1692 1428 prohibetur
1711 1333 1758 1406 ab
1777 1359 1844 1407 usu

462 1457 521 1529 vel
538 1451 761 1528 monumenti
778 1451 837 1524 vel
859 1449 971 1524 loculi
987 1450 1061 1524 filia
1078 1452 1156 1546 ejus
1174 1451 1297 1550 Appia
1325 1477 1409 1526 cum
1432 1475 1481 1524 ex
1510 1477 1553 1525 ea
1574 1453 1687 1544 natis;
1713 1455 1843 1550 quibus

462 1599 570 1674 porro
593 1571 820 1646 interdicitur
844 1595 890 1643 ne
907 1570 967 1642 vel
991 1569 1133 1642 statutis
1168 1567 1214 1642 de
1245 1593 1289 1642 eo
1316 1569 1375 1642 vel
1400 1567 1630 1644 facultatibus
1654 1595 1720 1670 per
1745 1586 1844 1646 testa-

462 1705 624 1767 mentum
641 1691 856 1790 praescriptis
873 1689 1132 1787 impedimento
1149 1691 1230 1764 sint

538 1818 582 1890 In
611 1813 816 1914 apographo
844 1811 944 1909 quod
971 1811 1017 1886 ad
1047 1837 1105 1886 me
1134 1813 1233 1888 misit
1259 1811 1457 1886 Borrellius
1485 1813 1672 1908 sequentia
1697 1811 1843 1888 fortasse

462 1940 749 2016 emendationem
759 1938 959 2036 postulant:
978 1930 1651 2036 ἱαν.2.ΧΡΥΣΙΩΝΙΚΙΟΥ(Χμυσίωνι
1666 1933 1841 2036 Νικίουῖ)

465 2065 539 2141 Sed
555 2076 593 2138 et
608 2061 654 2134 de
669 2060 833 2159 Chrysio,
862 2059 1107 2160 Polychryaio,
1131 2061 1289 2158 cogitare
1319 2085 1519 2158 possumus.
1571 2061 1616 2133 In
1643 2063 1676 2134 5.
1695 2066 1842 2148 ΑΦΙΟΥ,

463 2188 563 2286 quod
573 2187 717 2282 ubique,
732 2184 831 2280 quod
844 2185 927 2270 scio,
940 2173 1118 2282 Ἀπφίου.
1170 2185 1264 2258 1119.
1282 2184 1376 2258 med
1397 2190 1528 2259 ΠΕΡΙΓ
1530 2193 1568 2259 Ε.
1629 2187 1843 2261 Particulam

463 2331 641 2404 nusquam
657 2305 696 2376 in
713 2303 828 2376 titulis
845 2301 1028 2397 conspexi.
1058 2301 1183 2374 Habet
1199 2299 1331 2374 menda
1347 2313 1470 2397 aperta
1486 2301 1525 2374 in
1537 2327 1570 2374 v.
1586 2305 1616 2374 1.
1630 2307 1837 2380 ΘΕΟΔΟΡ.

465 2430 508 2502 In
528 2429 559 2500 8.
573 2427 846 2499 ΔΙΑΤΕΙΑΤΜ.
903 2421 947 2492 In
964 2419 1027 2491 ult.
1039 2424 1271 2494 ΔΙΛΘΗΚΗ.

1074 2650 1168 2724 CLI.
1194 2675 1240 2722 m.

542 2854 688 2930 Titulus
718 2849 935 2949 sepulcralis.
989 2848 1210 2922 Felicissimo
1236 2848 1401 2944 quaedam
1426 2863 1562 2924 emerat
1587 2849 1739 2926 heroum
1767 2879 1845 2929 cum
1975 2899 1976 2935 2

467 2977 620 3053 maceria
637 2987 674 3048 et
689 2973 810 3046 loculo
828 2971 1019 3070 sepulcrali
1035 2970 1164 3068 lapidis
1181 2971 1417 3044 Proconnesii
1443 2971 1482 3044 in
1509 2993 1553 3043 eo
1571 2971 1761 3059 existente,
1784 2985 1845 3046 etc.

467 3096 634 3172 Destinat
655 3091 724 3164 sibi
745 3101 782 3163 et
799 3089 877 3162 viro
894 3089 972 3184 ejus
990 3089 1158 3184 Epicteto
1175 3113 1258 3161 cum
1275 3089 1398 3162 liberis
1415 3101 1453 3163 et
1469 3090 1670 3186 nepotibus,
1687 3091 1728 3164 in
1744 3117 1846 3166 usum

467 3233 691 3321 perpetuum,
709 3213 968 3314 sarcophagum
995 3237 1104 3309 quem
1128 3202 1306 3306 μύλινον*
1325 3215 1488 3312 appellat.
1539 3215 1635 3288 Dein
1658 3215 1784 3291 alienis
1799 3219 1847 3290 in·

468 3341 656 3420 terdicitur
673 3333 898 3410 ususfructus
915 3333 1067 3428 alicujus
1084 3331 1196 3430 partis
1213 3332 1437 3405 monumenti
1454 3331 1522 3406 sub
1538 3357 1654 3430 poenae
1670 3334 1793 3408 multae
1812 3336 1847 3407 in

466 3461 631 3536 seranum
648 3454 773 3556 populi
789 3453 943 3526 Romani
965 3449 1170 3539 inferente,
1188 3461 1254 3523 etc.

541 3576 774 3672 Descriptum
798 3571 910 3645 habui
927 3570 972 3643 de
990 3567 1109 3666 lapide
1122 3569 1265 3664 jacente
1282 3591 1395 3666 prope
1412 3569 1507 3642 viam
1533 3569 1580 3644 ad
1602 3587 1770 3669 quartum
1787 3577 1848 3650 cir·

466 3703 556 3776 citer
583 3695 789 3772 milliarium
818 3719 840 3765 a
868 3691 1021 3790 Smyrna
1050 3713 1162 3786 quum
1190 3689 1413 3786 Magnesiam
1443 3689 1650 3789 Sipylenam
1679 3707 1845 3792 peterem.

466 3819 575 3918 Lapis
593 3817 669 3912 ipse
686 3837 784 3886 nunc
800 3834 911 3908 penes
928 3806 1147 3881 Borrellium
1173 3807 1318 3903 estqui
1344 3833 1486 3884 mecum
1514 3823 1552 3884 et
1578 3837 1682 3888 auum
1708 3841 1847 3918 apogra-

465 3941 578 4039 phum
596 3930 882 4010 communicavit
934 3930 979 4002 In
995 3927 1066 4001 hoc
1082 3925 1240 4000 notanda
1260 3940 1344 4002 sunt
1361 3953 1459 4027 seqq.
1509 3935 1794 4012 ΦΙΛΙΚΙΠΙΜΑ
1810 3941 1846 4011 in
1972 3925 1973 3928 ’

464 4089 497 4136 v.
529 4063 559 4133 1.
589 4056 933 4131 ΠΡΟΚΟΝΗΣΙΑΝ
964 4047 1003 4121 in
1026 4049 1058 4120 3.
1088 4045 1189 4144 quod
1216 4050 1347 4146 recept
1396 4056 1638 4127 ΜΥΔΙΝΟΝ*
1666 4056 1706 4129 in
1733 4061 1767 4132 4.
1795 4085 1843 4156 sq.

505 4265 525 4292 '
540 4259 578 4316 H.
593 4277 616 4316 a
638 4255 786 4316 murm·
815 4260 929 4336 qualem
949 4261 1132 4339 usurpabant
1223 4259 1318 4318 *Hoc
1340 4269 1371 4319 et
1395 4261 1457 4339 ipse
1482 4263 1514 4321 in
1534 4264 1645 4342 primia.
1686 4269 1762 4328 Dein
1784 4279 1845 4330 ΜΤ·
1971 4251 1972 4268 ³

467 4357 595 4416 inmotis
608 4355 798 4416 annotandis.
1188 4357 1476 4440 amuouapttpn.
1509 4362 1847 4427 aannnmnmou
