4004 5264
747 595 1007 662 PRAEFATIO.
1558 604 1577 665 7

180 781 374 879 Lyciorum
405 781 584 856 indefesse
607 783 699 856 adeo
716 809 866 882 operam
887 799 1067 861 navarunt
1097 787 1197 884 quod
1225 787 1426 862 doctrinam
1449 811 1574 862 eorum

179 921 393 1018 penitiorem
415 922 646 1020 promovebit
675 921 784 996 simul
810 935 849 997 et
875 925 1068 1022 expediet:
1097 950 1253 1021 namque
1280 927 1346 1000 vix
1371 927 1575 1026 putaverim

179 1061 331 1159 vestigia
356 1084 437 1156 quae
464 1061 589 1134 insunt
616 1060 794 1137 affinitatis
821 1065 918 1138 inter
944 1067 1107 1165 gentium
1131 1067 1364 1143 finitimarum
1393 1094 1574 1144 sermones

179 1199 241 1272 diu
269 1201 309 1272 in
336 1201 480 1275 occulto
506 1200 594 1289 fore,
616 1205 819 1300 conspectis
847 1205 973 1280 talium
996 1208 1157 1282 virorum
1179 1207 1307 1282 studiis
1337 1221 1375 1284 et
1402 1211 1573 1285 aemulati·

181 1342 321 1426 onibus,
333 1354 506 1440 tantoque
523 1357 840 1419 monumentorum
867 1360 1041 1444 apparatu
1064 1373 1172 1444 quem
1190 1373 1340 1449 peregre
1354 1353 1574 1426 versantium

181 1481 287 1556 ardor
303 1482 536 1580 inexplebilis
553 1484 592 1554 in
608 1481 686 1556 dies
705 1484 963 1560 subministrat.
1014 1487 1099 1561 Hoc
1122 1499 1261 1562 tantum
1290 1491 1457 1587 angebar,
1475 1489 1575 1586 quod

180 1651 336 1699 marmor
362 1625 502 1723 insigne
533 1637 570 1698 et
596 1625 796 1721 pretiosum
821 1627 1057 1700 barbarorum
1080 1627 1229 1724 injurias
1256 1627 1347 1702 adeo
1364 1653 1573 1727 perpessum

180 1765 317 1857 suerat3
345 1765 446 1862 quod
462 1777 571 1862 caput
587 1764 795 1852 abscissum,
813 1765 974 1839 clausula
991 1765 1137 1837 omnino
1154 1763 1229 1838 sere
1248 1764 1375 1852 deleta,
1394 1791 1439 1839 ne
1457 1765 1574 1840 dicam

180 1906 325 1980 lacunas
342 1917 556 1978 contextum
578 1903 751 1978 orationis
777 1903 1041 1978 deformantes:
1070 1903 1134 1976 sed
1152 1903 1199 1976 ad
1215 1903 1286 1978 hoc
1302 1904 1436 1978 malum
1455 1929 1575 1979 arcen-

181 2045 268 2120 dum
299 2047 541 2144 suppetebant
567 2045 776 2143 adjumenta
801 2070 874 2118 nou
899 2045 1004 2133 levia,
1030 2043 1076 2118 de
1094 2043 1308 2143 apographis
1335 2044 1466 2140 loquor
1493 2069 1575 2141 quse

184 2185 270 2260 mibi
288 2185 544 2258 humanissime
561 2184 600 2256 in
618 2207 745 2257 manus
762 2182 960 2256 tradiderat
978 2181 1176 2256 Borrellius
1193 2207 1215 2256 a
1231 2183 1318 2256 viris
1340 2186 1573 2258 ornatissimis

180 2327 279 2400 dens.
297 2325 415 2400 Pellio
432 2338 470 2398 et
486 2327 530 2398 D.
545 2325 675 2398 Rossio
692 2325 738 2398 de
757 2323 1010 2423 Bladensburg
1030 2323 1204 2411 confecta,
1221 2338 1264 2400 ut
1279 2326 1467 2400 conatibus
1485 2329 1574 2399 meis

181 2465 428 2564 expediendis,
447 2465 476 2538 si
500 2465 646 2561 quando
675 2465 836 2540 laborem
864 2465 1104 2540 concinnandi
1132 2489 1320 2565 aggressus
1348 2467 1424 2554 sim,
1443 2480 1574 2566 praesto

182 2621 306 2681 essent.
360 2607 422 2680 Me
441 2631 509 2704 ope
526 2607 657 2680 horum
676 2618 713 2680 et
730 2607 844 2682 tutius
860 2607 1050 2680 incessisse
1069 2607 1295 2704 spatiumque
1313 2609 1467 2705 amplius
1496 2631 1574 2705 per·

181 2771 344 2820 mensum
361 2747 478 2819 libens
495 2745 678 2843 profiteor.

254 2889 298 2960 In
317 2886 485 2984 congerie
509 2910 591 2980 quae
622 2885 786 2981 sequitur
803 2887 991 2962 titulorum
1012 2887 1141 2961 Latine
1159 2888 1381 2986 conscriptos
1399 2889 1574 2985 quosdam

180 3028 361 3126 reperient
369 3027 523 3100 lectores
534 3049 626 3124 quos
637 3026 674 3098 in
686 3025 900 3102 adversariis
913 3026 1002 3100 meis
1020 3025 1272 3100 delitescentes
1290 3050 1384 3124 aegre
1401 3027 1572 3124 patiebar,

181 3167 391 3241 recordatus
420 3167 593 3242 nimirum
610 3168 753 3241 consilii
776 3167 876 3266 quod
898 3167 1073 3242 imberbis
1102 3165 1220 3240 adhuc
1247 3167 1285 3239 in
1312 3179 1432 3239 mente
1462 3167 1574 3241 incul-

182 3320 300 3380 catum
318 3306 439 3380 habui.
493 3307 566 3400 Qui
583 3307 717 3380 cecinit

803 3458 822 3484 “
836 3471 888 3508 nec
901 3451 1014 3510 desinat
1027 3470 1156 3526 unquam

605 3569 714 3627 Tecum
729 3569 817 3628 Graia
830 3570 942 3646 loqui‚”

181 3728 218 3786 et
243 3715 315 3788 hcc
346 3714 445 3788 illico
474 3712 639 3809 subjecit,
657 3725 766 3788 tecum
783 3713 948 3789 Romana
976 3726 1137 3791 caumas.
1189 3715 1324 3790 Curam
1346 3729 1485 3791 tantum
1514 3718 1574 3792 ad·

179 3851 280 3926 hibui
307 3865 349 3926 ut
370 3853 408 3924 in
429 3875 539 3949 opere
559 3852 688 3928 Graeca
705 3840 846 3949 ἐξόχως
862 3863 1048 3938 tractante,
1066 3851 1319 3927 concinnitatis
1334 3857 1457 3952 gratia,
1475 3857 1573 3932 tituli

177 3994 221 4066 ab
253 3992 411 4066 invicem
446 4013 610 4064 seorsum
645 3988 885 4076 traderentur,
913 3988 1063 4082 Latinis,
1093 3989 1313 4087 ubicumque
1347 3991 1491 4082 fuerint,
1527 3997 1573 4070 ad

178 4131 374 4206 clausulam
404 4132 582 4228 cujusque
611 4129 717 4204 seriei
744 4129 928 4204 submotis.
980 4131 1064 4202 Hoc
1082 4130 1192 4204 satius
1210 4131 1320 4205 credo
1348 4158 1454 4228 quam
1474 4137 1573 4232 quod

177 4273 214 4344 in
230 4271 357 4370 primis
373 4269 484 4346 habui
504 4269 741 4368 propositum,
763 4268 893 4342 Latina
909 4269 947 4342 in
965 4266 1174 4343 fasciculum
1194 4269 1410 4368 singularem
1428 4275 1574 4348 redacta

177 4411 386 4512 appendicis
402 4413 515 4488 instar
533 4435 679 4511 ponere.
