4004 5264
185 566 549 655 rsscs.xcv111.‚xn1x.]
726 566 1048 634 APHRODISIAS.
1539 569 1579 632 21

190 761 259 857 (Ἡ
286 759 414 864 Βουλῆ
441 761 614 866 ἐτίμησε)
638 761 860 866 Μένανδρον
886 755 957 859 (β’,
976 754 1026 863 γ’,
1046 769 1106 842 vel
1130 769 1225 866 sim.)
1248 768 1315 841 τοῦ
1341 755 1578 862 Μενάνδρου,

189 895 270 978 υἱὸν
290 895 515 1002 Μενάνδρου
535 897 612 976 Ιτοῦ
644 889 842 994 οἰκονόμου
873 894 998 993 αὐτῆς,
1020 891 1302 996 ἀγωνισάμενον
1320 895 1462 973 παίδων
1481 927 1578 995 παγ-

189 1029 340 1134 κράτιον
359 1026 519 1136 ἐνδόξως
538 1025 605 1109 τὸν
625 1027 955 1128 ἐπιτετελεσμένον
980 1030 1107 1130 ἀγῶνα
1126 1029 1382 1130 Φιλημονίηον
1408 1024 1479 1106 ὑπὸ
1508 1029 1582 1106 τῶν

187 1165 272 1266 περὶ
298 1159 364 1242 τὸν
394 1161 699 1268 ἀξιολογώτατον
717 1159 919 1241 ’Λντώνιον
951 1162 1159 1266 Καρμίνιον
1185 1163 1361 1242 Ποπλίου
1380 1159 1579 1263 Ἀγελαον,

178 1292 480 1398 ·Ἀρχινεωποιὸν
503 1296 689 1375 νεωποιῶν
718 1299 783 1394 τῆς
815 1293 1116 1400 ἐπιφανεστάτης
1142 1298 1228 1375 θεοῦ
1252 1293 1491 1402 Ἀφροδίτης·
1514 1300 1582 1404 τῆς

190 1425 433 1538 ἀναστάσεως
457 1429 523 1507 τοῦ
548 1422 767 1529 ἀνδριάντος
789 1424 1037 1528 γεγενημένης
1068 1427 1109 1505 ἐκ
1134 1427 1208 1504 τῶν
1226 1421 1430 1529 προσόδων
1453 1423 1581 1526 πάσης

190 1564 256 1659 τῆς
289 1564 437 1660 Βουλῆς
469 1558 530 1639 διὰ
550 1551 752 1638 Ἀντωνίου
771 1559 963 1662 Αὐρηλίου
984 1557 1223 1638 Εὑελπίστου
1253 1559 1319 1637 τοῦ
1344 1555 1579 1662 Βουλάρχου.

184 1733 323 1825 Ὀστις
336 1740 558 1844 Μένανδρος
570 1737 737 1844 ἐστέφθη
751 1736 906 1838 νικήσας
925 1741 986 1818 καὶ
998 1735 1065 1818 τὸν
1079 1740 1204 1840 ἀγῶνα
1224 1735 1343 1823 καθὼς
1360 1741 1420 1818 καὶ
1437 1737 1497 1817 διὰ
1516 1745 1581 1817 τοῦ

271 1873 397 1976 ἑτέρου
417 1870 634 1976 ἀνδριάντος
654 1873 721 1951 τοῦ
741 1873 868 1968 αὐτοῦ,
888 1868 963 1975 πρὸ
984 1873 1097 1951 αὐτοῦ
1118 1873 1293 1966 ἑστῶτος,
1314 1873 1504 1972 δηλοῦται.

266 2091 326 2162 Ex
342 2088 461 2186 lapide
482 2088 572 2186 ipsc,
590 2088 655 2183 qui
675 2088 770 2160 inter
791 2087 934 2161 cimelia
953 2087 1177 2161 Borrelliana
1197 2097 1408 2171 asservatur,
1427 2085 1582 2181 descrip-

192 2219 267 2280 tum
298 2207 374 2282 edo.
437 2206 634 2279 Praeiverat
664 2204 862 2281 Βὸολλὶιιο8
882 2206 1027 2305 duplice
1058 2206 1264 2304 apographo
1294 2206 1328 2278 ei
1353 2206 1582 2281 aGerhardo

192 2327 301 2399 misso
322 2353 416 2400 usus.
469 2328 660 2425 Expressit
680 2353 712 2399 v.
725 2326 758 2400 d.
777 2352 809 2399 v.
824 2330 866 2422 1,
883 2333 1002 2403 ΑΡΟ.
1024 2381 1033 2401 .
1055 2335 1192 2402 .ΤΟΥ.
1212 2336 1267 2401 Μ.
1298 2328 1389 2400 etin
1407 2353 1464 2400 vv.
1481 2331 1535 2400 14.
1555 2353 1579 2398 s.

192 2445 300 2519 habet
329 2452 557 2532 ΑΓΕΛΑΟΝ,
588 2470 721 2520 nomen
753 2469 837 2519 sane
865 2445 1162 2543 Aphrodisiense,
1189 2449 1268 2520 vice
1296 2449 1400 2543 cujus
1431 2447 1581 2520 Borrell.

194 2571 424 2640 stennon.
480 2568 525 2640 In
542 2593 574 2640 v.
591 2567 655 2641 ult
673 2575 725 2640 Λ.
747 2571 929 2640 .ΟΥΤΑΙ.

267 2687 580 2762 Commemoratur
597 2687 635 2759 in
649 2713 706 2760 vv.
721 2689 854 2761 29-35.
869 2688 1022 2762 victoria
1038 2690 1084 2762 ab
1101 2690 1234 2788 insigni
1251 2691 1330 2763 viro
1346 2703 1528 2787 reportata
1545 2691 1582 2764 in

194 2807 385 2880 certamine
406 2807 545 2904 (credo,
563 2806 835 2904 Philemonieo)
855 2808 903 2880 ob
921 2833 1027 2904 quam
1053 2821 1089 2882 et
1112 2811 1258 2883 alteram
1288 2823 1440 2884 statuam
1467 2837 1583 2885 meru-

195 2941 277 3000 erat.
322 2927 439 3012 Hanc,
453 2927 522 3000 etsi
538 2928 577 3000 in
590 2927 717 3002 ordine
735 2930 908 3027 temporis
920 2932 1172 3027 posteriorem,
1186 2933 1286 3029 prius
1303 2935 1457 3030 positam
1473 2933 1583 3008 fuisse

196 3049 386 3124 edocemur
402 3051 441 3124 in
459 3077 491 3124 v.
516 3052 653 3148 penult.
707 3055 750 3126 In
769 3079 802 3126 v.
823 3057 881 3128 33.
899 3055 966 3127 τοῦ
985 3049 1099 3128 αὐτοῦ
1116 3057 1331 3131 vertendum
1350 3071 1404 3130 est
1420 3059 1580 3157 ρἰιςιίινι,

195 3205 240 3253 sc.
260 3177 463 3264 Menandri,
481 3177 582 3274 quod
598 3191 856 3275 expresserunt
873 3179 994 3254 Attici
1011 3174 1158 3254 ταύτοῦ.

788 3399 931 3473 XLIX.
963 3399 985 3472 f.

268 3559 413 3633 Titulus
447 3557 666 3632 honorificus
696 3561 818 3632 basem
857 3573 984 3635 statuae
1013 3577 1204 3638 ornaverat
1230 3591 1311 3664 quae
1338 3569 1376 3641 in
1405 3569 1580 3646 honorem

194 3678 381 3776 cujusdam
410 3704 431 3752 a
457 3692 559 3777 patre
585 3682 663 3777 ejus
683 3679 835 3755 Cratero
858 3681 977 3756 suerat
1003 3685 1121 3781 posita
1151 3688 1199 3760 ob
1225 3690 1373 3784 praemia
1399 3691 1437 3764 in
1465 3693 1580 3768 stadio

196 3825 397 3897 puerorum,
429 3799 518 3874 actis
555 3801 682 3897 (utin
712 3800 819 3874 titulo
856 3804 1060 3901 superiore)
1096 3805 1192 3880 ludis
1227 3808 1493 3901 Philemonieis,
1529 3840 1581 3888 re·

194 3935 340 4018 portata.

268 4044 428 4116 AEtatem
458 4043 655 4140 conjeceris
686 4067 734 4117 ex
769 4046 913 4119 nomine
942 4047 1106 4134 Aurelio,
1141 4049 1240 4144 quod
1275 4051 1579 4152 (archineopoei?)

195 4165 348 4238 refertur
364 4165 402 4238 in
419 4191 451 4238 v.
467 4169 522 4238 11.

679 4371 691 4410 ⁸
706 4365 767 4424 Ubi
781 4385 844 4444 sup.
858 4365 962 4444 p·527.
977 4387 1005 4426 n.
1014 4370 1100 4426 2811.
