3952 5238
985 567 1276 638 AUCTARIUM.
1469 599 1474 608 ·
1539 601 1561 608 ··
1638 571 1826 657 [trisonem

1085 858 1189 925 CXL.

506 1014 535 1076 4.
558 1013 645 1082 Ἀντὶ
662 1007 719 1078 δύο
734 1007 792 1094 ὀβ.
808 1019 868 1072 ete.
914 1003 993 1069 Haeo
1011 1003 1183 1094 repetendo
1203 1003 1297 1069 statui
1318 1015 1354 1070 ut
1373 1003 1467 1094 paulo
1482 1003 1643 1070 exactiore
1656 1001 1696 1070 iis
1710 1029 1778 1094 que
1791 1003 1819 1070 in

441 1129 625 1207 argumento
640 1113 725 1180 tituli
740 1113 813 1178 dedi
828 1113 1006 1201 legentibus
1020 1135 1203 1200 proponam.

505 1219 711 1286 Notissimum
726 1231 773 1284 est
787 1217 821 1282 in
835 1215 944 1305 primis
959 1216 1077 1282 obolum
1087 1215 1269 1284 Graeoorum
1277 1215 1372 1284 fuisse
1388 1231 1509 1283 sextam
1524 1205 1646 1307 purtem
1660 1219 1818 1287 drsohme.

441 1328 480 1392 In
495 1327 556 1392 hoo
571 1325 771 1392 consentiunt
785 1325 941 1390 suctores'.

506 1433 600 1510 Dein,
615 1432 747 1498 mortus
757 1428 888 1496 Latinus
903 1426 1037 1508 (Graeois
1048 1429 1218 1516 ἀσσάριον)
1235 1427 1320 1494 idem
1334 1429 1460 1495 valebat
1470 1453 1506 1497 αο
1516 1453 1559 1507 αα,
1569 1444 1605 1497 ut
1613 1455 1657 1497 ex
1668 1431 1816 1498 Varronek

442 1540 599 1606 discimus.

506 1646 615 1711 Restat
629 1657 665 1710 ut
679 1655 823 1709 exactem
837 1637 989 1705 rationem
1005 1637 1139 1704 Denarii
1162 1639 1202 1705 ud
1219 1638 1413 1705 Draohmem
1438 1639 1651 1727 exquiramus,
1676 1665 1750 1710 nnrn
1771 1667 1815 1710 eos

442 1752 481 1817 ad
505 1750 651 1818 amussim
676 1773 740 1814 non
760 1741 939 1836 congruisse¹
953 1744 1100 1832 colligere
1122 1743 1198 1811 licet
1220 1767 1262 1811 ex
1278 1744 1408 1812 Tsoito¹.
1456 1745 1550 1818 Hanc
1571 1771 1614 1812 ex
1636 1749 1815 1836 ponderibus

441 1857 619 1924 constitutis
634 1853 779 1922 definivit
793 1851 951 1919 Pitisousm
965 1849 1059 1916 fuisse
1076 1851 1151 1915 324.

506 1962 656 2050 Sequitur
665 1956 979 2046 exinde,eompositis
993 1956 1175 2034 rationibus,
1185 1955 1324 2023 Obolum
1335 1955 1430 2024 ruisse
1444 1959 1484 2025 ud
1495 1959 1660 2027 Asserium
1674 1975 1710 2026 ut
1725 1963 1777 2029 20:
1787 1967 1811 2038 9,

441 2073 501 2138 hoo
512 2069 601 2136 estin
615 2067 735 2134 ratione
746 2065 840 2154 paulo
852 2064 970 2149 majore
984 2087 1022 2130 ee
1033 2087 1126 2150 quam
1138 2062 1317 2130 invenimus
1331 2063 1531 2131 constitutam
1543 2090 1562 2130 s
1576 2067 1741 2156 Polybio²r
1760 2085 1813 2136 trt-

440 2175 523 2240 didit
536 2175 621 2240 enim
636 2173 801 2238 historicus
819 2175 929 2240 Assem
947 2169 1113 2238 dimidium
1129 2170 1262 2236 valuisse
1287 2184 1429 2257 quartam
1449 2187 1570 2260 partem
1585 2174 1679 2254 oboli,
1694 2175 1752 2242 hoo
1764 2189 1812 2252 est,

439 2279 574 2346 rationes
589 2277 781 2344 adinvicem
796 2277 890 2342 fuisse
906 2279 925 2342 2
939 2301 947 2347 t
961 2278 988 2344 1.
1565 2289 1567 2294 ·

503 2383 665 2450 Volebant
678 2406 753 2470 ergo
768 2380 823 2467 qui
838 2379 1069 2468 magistratibus
1088 2381 1253 2448 obstabunt
1273 2381 1402 2448 naulum
1424 2383 1613 2452 constituere
1633 2385 1703 2475 plus
1720 2387 1811 2454 minus

438 2490 563 2557 semisse
574 2489 728 2556 minorem
739 2511 832 2574 quam
844 2487 981 2556 fenerent
991 2487 1141 2575 primores
1152 2487 1299 2564 civitatis,
1305 2488 1380 2554 Dite
1389 2487 1424 2554 in
1434 2488 1494 2556 hoo
1503 2489 1631 2580 negotio
1642 2493 1811 2580 grerissimo

437 2622 510 2663 sene
540 2609 665 2662 auctore
690 2593 748 2672 usi,
779 2599 926 2684 φέροντες
952 2590 1081 2680 ὀβολόν
1104 2631 1117 2644 -
1140 2632 1153 2645 -
1176 2591 1326 2678 -μισθὸν
1354 2598 1399 2680 τῷ
1424 2593 1558 2682 πορθμεῖ
1580 2605 1636 2674 τῆς
1664 2599 1810 2677 ναυτιλίας

439 2705 678 2793 γενησόμενονο.

504 2807 601 2873 Dolet
614 2804 816 2872 vehementer
830 2799 956 2888 periisse
972 2799 1132 2864 decretum
1146 2797 1251 2886 ipsum
1266 2799 1352 2885 quod
1365 2798 1508 2867 homines
1527 2802 1701 2871 seditiosos
1714 2803 1810 2895 procul

439 2913 537 2981 dubio
559 2935 616 3000 pro
640 2909 759 2976 meritis
778 2903 915 2996 excepit,
938 2904 1166 2994 objurgatione,
1187 2905 1352 2993 supplicio,
1369 2906 1488 2973 multo:
1511 2908 1630 2998 quippe
1652 2911 1692 2978 ud
1712 2911 1808 2978 fiscum

440 3042 488 3085 res
503 3016 687 3106 pertinebat,
702 3013 737 3078 id
751 3012 834 3099 quod
850 3010 983 3099 collegia
996 3008 1240 3097 municipiorum
1259 3009 1357 3075 instar
1371 3011 1513 3078 omnium
1527 3029 1644 3082 movet.
1682 3017 1811 3085 &aaut

440 3126 567 3192 sortasse
583 3120 745 3188 Comicus‘¹
760 3122 797 3186 τὸ
813 3118 904 3204 θέμοι

783 3289 841 3356 Ἐν
854 3285 1010 3376 πλοιαρίῳ
1026 3293 1198 3374 τυννουτῳί
1213 3287 1241 3354 α’
1257 3287 1338 3375 ἂνὴρ
1353 3293 1458 3378 γέρων

785 3397 909 3472 Noritae
924 3391 1020 3465 διίιὲει
1035 3392 1082 3461 δύ’
1097 3392 1212 3482 ὀβολὼ
1226 3393 1341 3480 μισθὸν
1355 3395 1481 3484 λαβών.

473 3681 480 3714 ¹
502 3681 651 3738 Diosoorides,
671 3685 726 3726 torn.
746 3691 802 3726 xm.
826 3691 878 3738 opp
898 3677 987 3736 omni,
1011 3691 1033 3737 p.
1051 3679 1107 3725 984.
1189 3683 1206 3710 ¹¹¹
1219 3677 1296 3725 lertio
1308 3677 1338 3725 Α.
1350 3689 1378 3725 u.
1391 3691 1414 3738 ρ
1427 3679 1499 3726 rto

441 3765 471 3817 'fl
494 3763 521 3816 ii
540 3763 661 3830 Δραχρὴ,
685 3762 763 3824 irai
782 3760 861 3823 ’ολεή
886 3759 1022 3827 λεγομένη,
1050 3760 1107 3827 ἄγει
1189 3761 1405 3810 ¹¹Hntn.1t.t.

441 3851 581 3919 γράμματα
600 3849 668 3914 τρία,
688 3845 821 3898 τουτέστιν
843 3845 955 3910 ὀβολοὺς
973 3843 1007 3898 τ’.
1040 3847 1106 3896 cont
1187 3853 1200 3878 ⁰
1216 3847 1309 3894 Luoisn.
1322 3847 1359 3900 De
1370 3848 1451 3908 Luotu,
1464 3861 1490 3896 x.

440 3954 462 3998 p.
475 3939 530 3988 981.
564 3934 629 3982 snit.
651 3933 737 3982 Polluo
757 3945 792 3982 tx
813 3934 850 3980 60.
879 3931 918 3980 Ex
936 3931 1030 3991 munis,
1045 3931 1105 3979 Plin.
1188 3933 1401 3980 ”Dicunturinm
1414 3935 1467 3982 8-7.
1480 3935 1806 4002 αννεστηεότες,αιιιάαεαρι”·

441 4037 496 4071 xxi
511 4023 564 4070 109.
578 4023 599 4067 1.
616 4019 709 4066 vitruv.
720 4031 759 4065 ut
772 4020 793 4064 1.
1155 4025 1246 4066 τατιιιιε.
1290 4018 1329 4067 Sic
1351 4019 1469 4066 Demosth-
1493 4019 1592 4080 Exoept.
1615 4024 1668 4070 mlv.
1689 4023 1804 4074 mom

471 4107 483 4141 Β
500 4108 535 4155 De
546 4106 567 4153 L
579 4105 604 4152 L
614 4117 661 4152 vn.
674 4105 712 4152 88.
724 4102 782 4150 meti
807 4101 872 4150 Cous.
887 4101 938 4148 tsv.
949 4114 975 4148 v.
987 4103 1025 4148 88.
1049 4099 1106 4148 Plu·
1155 4117 1177 4162 ρ
1191 4105 1245 4151 885.
1266 4105 1288 4152 2.
1296 4101 1392 4152 Ἔστιν
1403 4101 1562 4167 ἐργαστήρια
1572 4103 1805 4172 μοχθηρῦνᾶνθρῦ·

439 4192 512 4240 rosch.
535 4188 626 4239 cantu
648 4201 747 4236 cxxxv.
775 4185 835 4232 Vide
852 4184 941 4246 Kypk'ri
962 4185 1029 4234 Obm.
1049 4199 1105 4233 smr.
1157 4203 1216 4236 ταν
1228 4186 1426 4247 συνεστηκότων
1435 4185 1464 4237 ἐν
1475 4191 1511 4254 τῷ
1518 4191 1638 4253 Πειραιεῖ.
1654 4193 1803 4244 contorum.

440 4285 494 4326 tom.
507 4289 524 4322 r.
541 4277 611 4336 pti.
1155 4271 1290 4320 Androtion.
1300 4288 1322 4334 p.
1333 4275 1389 4322 tot.
1399 4276 1420 4322 8.
1432 4273 1498 4324 stul.

473 4359 664 4409 'Anml-Lli.
1188 4357 1371 4406 *Balih-
