3992 5240
453 545 515 610 132
860 537 1214 608 INSORIPTIONES
1237 535 1432 605 GRAECAE.
1636 535 1758 618 [meon.
1772 556 1837 602 civ.

444 731 586 842 Ἔδοξε
604 733 784 814 Ῥαυκίων
812 739 890 818 τοῖς
920 728 1090 833 Κόσμοις
1113 737 1174 814 καὶ
1197 733 1244 839 τᾷ
1264 727 1389 812 πόλει·
1406 723 1532 830 ἐπειδὴ
1546 725 1838 832 παραγενόμενοι

452 869 684 974 πρεσβευταὶ
713 863 816 970 παρὰ
845 871 896 947 roi
921 863 1025 966 δάμω
1054 867 1128 946 τῶν
1157 863 1281 966 Τηίων
1310 865 1398 943 ποτὶ
1420 860 1599 942 Ῥαυκίων
1628 859 1698 942 τὰν
1727 858 1838 940 πόλιν

451 997 736 1086 Ἀπολλόδοπος
753 997 1033 1086 Ἀστυάνακτος
1053 998 1234 1084 Κολῶτας
1251 991 1526 1095 Ἑκατωνύμου,
1557 992 1593 1074 οἳ
1621 990 1839 1077 ἐπελθόντες

452 1137 513 1216 ἐπὶ
550 1131 619 1216 raia
650 1131 855 1234 ἐκκλησίαν
892 1127 1119 1238 ἐνεφάνισαν
1149 1127 1218 1210 τὰν
1252 1123 1459 1208 οἰκειότατα
1490 1123 1559 1206 πὰν
1597 1122 1840 1230 ὑπάρχουσαν

450 1264 633 1348 Ῥαυκίοις
651 1258 736 1342 ποθ
757 1256 902 1357 αὐτούς,
930 1262 990 1341 καὶ
1009 1258 1095 1364 περὶ
1114 1266 1180 1344 riis
1202 1259 1363 1342 ἀσυλίας
1382 1264 1448 1342 τᾶς
1467 1291 1507 1338 τε
1526 1253 1672 1342 πόλεως
1697 1261 1759 1337 καὶ
1779 1265 1839 1340 τᾶς

451 1397 575 1503 χώρας
592 1389 871 1504 παρεκάλεσαν,
892 1391 945 1475 ἐτι
965 1390 1005 1472 δέ
1018 1394 1078 1473 καὶ
1094 1394 1146 1473 rai
1164 1383 1252 1494 παρ’
1272 1385 1455 1493 Ἀντιόχω
1470 1390 1521 1470 roi
1531 1387 1722 1484 βασιλέως
1740 1423 1839 1492 πρει·

452 1533 567 1631 γευτᾶ
589 1521 839 1628 Ἀγησθνδρω
853 1523 1189 1628 παρακαλέσαντος
1207 1519 1302 1622 μετὰ
1318 1519 1447 1606 πάσας
1466 1524 1636 1605 σπουδᾶς
1654 1523 1715 1601 καὶ
1730 1528 1838 1627 φιλο-

452 1659 586 1760 τιμίας,
606 1655 741 1758 ὁμοίοις
773 1652 813 1734 δέ
844 1655 905 1734 καὶ
927 1655 1001 1735 τῶν
1030 1651 1134 1757 παρὰ
1163 1650 1287 1753 Τηίων
1309 1657 1531 1756 πρειγευτᾶν
1556 1648 1840 1756 ἐμφανισάντων
1973 1693 1974 1746 η

453 1792 540 1889 ἁμῖν
570 1785 639 1870 τᾶν
664 1788 785 1868 αὐτῶν
804 1787 951 1868 εὔνοιαν
976 1790 1037 1868 καὶ
1067 1789 1289 1892 προθυμίαν·
1349 1781 1539 1892 Δεδόχθαι
1567 1782 1747 1865 Ῥαυκίων
1765 1792 1839 1870 τοῖς
1973 1777 1974 1852 i

454 1917 625 2021 Κόσμοις
645 1920 706 2000 καὶ
725 1921 772 2026 τᾷ
789 1915 901 2000 πόλει
921 1919 1196 2023 ἀποκρίνασθαι
1215 1917 1344 2021 Τηίοις
1364 1917 1421 2000 ὅτι
1441 1917 1506 2003 τὰς
1527 1917 1772 2022 καθιερῶσιας
1792 1923 1839 2024 τῷ

452 2049 629 2158 Διονύσῳ
641 2049 707 2137 τὰς
722 2058 788 2135 τᾶς
802 2045 947 2134 πόλεως
959 2051 1020 2130 καὶ
1034 2056 1100 2134 τοῖς
1118 2049 1242 2154 χώρας
1257 2050 1378 2130 αὐτῶν
1397 2046 1465 2130 τάν
1477 2083 1515 2130 τε
1533 2046 1698 2128 ἀσυλίαν
1717 2053 1778 2130 καὶ
1797 2047 1841 2129 τὰ

450 2181 555 2262 ἄλλα
568 2177 705 2286 ἔνδοξα
721 2182 782 2260 καὶ
801 2179 903 2280 τίμια
924 2175 1212 2284 παραδεχόμεθα
1238 2182 1298 2260 καὶ
1318 2177 1603 2285 συνεπαύξομεν
1630 2187 1696 2258 νῦν
1721 2183 1838 2261 τεκαὶ

889 2307 956 2391 τὸν
975 2309 1099 2390 ἄλλον
1117 2307 1256 2415 χρόνον
1274 2309 1408 2391 πάντα.

527 2485 701 2564 Conferaa
720 2511 801 2585 quae
815 2485 893 2560 dixi
910 2487 948 2560 in
965 2501 1177 2585 argumento
1194 2485 1294 2585 quod
1310 2483 1556 2584 praegreditur.

527 2608 672 2682 Titulus
689 2619 771 2681 ante
789 2607 914 2682 oculos
931 2607 1117 2680 decretum
1141 2605 1387 2680 Rhauciorum
1414 2617 1469 2679 est
1492 2603 1591 2702 quod
1610 2603 1836 2680 Chishullus¹

452 2727 539 2801 olim
568 2728 749 2826 integrum
780 2725 962 2814 retulerat,
993 2737 1031 2798 et
1056 2749 1131 2798 non
1157 2727 1207 2798 ita
1233 2725 1375 2823 pridem
1398 2749 1447 2798 ex
1474 2725 1617 2800 schedis
1642 2723 1838 2810 Sherardi',

451 2844 642 2918 collatione
661 2870 682 2917 a
699 2845 858 2920 Mtillero
875 2844 978 2939 facta,
997 2845 1208 2922 Boethius.
1245 2849 1429 2920 Versuum
1441 2846 1648 2920 distributio
1664 2847 1703 2918 in
1720 2845 1839 2944 lapide

450 2977 575 3038 nostro
593 2963 812 3062 discrepata
830 2964 1089 3056 Chishulliana„
1104 2979 1170 3041 etc.
1188 2977 1231 3040 ut
1247 2965 1451 3066 legentibus
1468 2967 1656 3041 constabit.

528 3082 797 3158 Commemorat
818 3084 888 3159 hoc
906 3083 1091 3159 decretum
1118 3086 1157 3159 in
1183 3087 1309 3184 primis
1331 3087 1547 3184 legationem
1565 3085 1781 3184 Apollodoti
1804 3099 1840 3158 et

453 3200 592 3276 Colotae
609 3201 656 3275 ad
673 3201 855 3276 Rheucios
872 3201 1137 3301 benignamque
1154 3203 1285 3280 horum
1306 3207 1586 3304 responsionem,
1599 3207 1766 3282 hortante
1789 3209 1839 3282 in-

452 3345 560 3418 super
576 3319 697 3420 legato
714 3322 810 3421 regis
823 3322 1000 3396 Antiochi
1010 3324 1236 3422 Agesandro‚
1253 3350 1392 3424 nempe,
1405 3327 1623 3426 agnitionem
1642 3329 1839 3402 sanctitatis

453 3441 519 3514 soli
538 3441 711 3514 Teiorum
724 3439 891 3537 jurisque
908 3440 1039 3540 asyliae‚
1058 3453 1124 3514 etc.

527 3561 632 3635 AEtas
661 3560 760 3634 tituli
786 3560 982 3635 innotescit
1010 3585 1059 3633 ex
1084 3561 1267 3636 mentione
1296 3561 1392 3638 facte
1408 3561 1585 3638 Antiochi
1611 3565 1678 3637 111.
1706 3567 1771 3661 qui
1802 3567 1839 3638 in

451 3705 603 3779 regnum
619 3680 739 3755 fratris
759 3681 902 3758 Seleuci
919 3681 1092 3756 suecessit
1107 3683 1147 3754 in
1164 3707 1218 3755 an.
1233 3683 1280 3758 U.
1297 3683 1337 3759 C.
1353 3686 1435 3758 530.
1453 3697 1491 3758 et
1508 3685 1556 3758 A.
1572 3683 1612 3760 C.
1627 3687 1710 3758 224.

526 3801 710 3899 Descripsi
736 3802 893 3899 primum
918 3801 958 3874 in
975 3805 1064 3890 ν.1.,
1093 3801 1158 3874 sed
1186 3802 1333 3876 minime
1358 3803 1486 3899 fidens,
1505 3809 1617 3878 ΤΑΙΣ
1643 3810 1833 3882 ΠΟΛΕΣΙ.

452 3921 576 3994 Habet
600 3921 737 3994 ibidem
755 3920 892 3997 Boekh.
912 3928 1108 4008 ΕΔΟΞΕΝ,
1129 3919 1213 3995 dein
1237 3928 1479 4011 κΟΣΜΙΟΙΣ,
1497 3948 1652 4020 quorum
1669 3939 1839 4002 neutrum

493 4126 623 4202 ¹‘Antio
639 4126 732 4183 Asiat.
748 4126 794 4184 tit
804 4143 833 4184 v.
847 4146 876 4204 p.
891 4125 955 4186 116.
1172 4136 1242 4185 aunt
1261 4127 1382 4186 lectores
1403 4127 1604 4206 supplementa
1626 4149 1692 4205 quae
1715 4133 1842 4190 tentavit

492 4225 591 4283 ’Cod-
604 4244 632 4302 P·
643 4227 690 4287 37·
1171 4227 1218 4284 vir
1228 4227 1342 4286 doctiss.
1359 4229 1390 4285 in
1404 4247 1450 4287 vv.
1464 4233 1492 4286 2.
1504 4231 1531 4288 3.
1545 4227 1613 4287 fidei
1625 4233 1777 4290 marmoris
1791 4233 1843 4290 ob-
1973 4299 1974 4310 η

492 4322 582 4380 ¹v01.
605 4339 635 4380 11.
664 4341 691 4399 p.
707 4321 773 4387 639.
801 4341 829 4382 n.
853 4326 939 4383 3051.
985 4324 1123 4382 Monendi
1174 4338 1258 4385 sture.
