3992 5240
438 595 501 657 144
843 589 1196 658 INSCRIPTIONES
1219 589 1410 656 GRAECAE.
1601 587 1822 675 [rusumcnxu.

439 821 504 890 ρος
515 790 562 882 Υ,
576 779 793 888 Μαρκιανὸς
804 777 856 881 β’,
877 782 1366 889 ΜένανδροςἙρμογένους,
1379 779 1609 885 Ἑρμογένης
1628 783 1823 874 Τατιανοῦ,

441 913 695 1020 Μητρόδωρος
710 913 964 1010 Εὐελπίστου,
983 911 1269 1015 Ἀσκληπιάδης
1290 917 1523 1017 Μαρκιανοῦ,
1542 905 1826 1010 Ἀσκληπιάδης

440 1048 658 1143 Διονυσίου,
677 1043 906 1150 Ἑρμογένης
936 1045 1147 1151 Τροφίμον,
1180 1042 1385 1146 Βάλβηλος
1408 1041 1668 1147 Ἑρμογένους·
1706 1045 1824 1142 ἐπιμε-

494 1179 718 1281 λησομένων
731 1175 938 1258 Ἰουλιονοῦ
958 1176 1019 1257 καῖ
1030 1174 1291 1282 Ἑρμογένους.
1324 1170 1463 1262 Ἐτονς
1478 1171 1575 1273 σνς’,
1590 1173 1706 1278 μηνὸς
1727 1169 1771 1258 ς’.

514 1408 662 1482 Titulus
679 1419 936 1482 commemorat
953 1418 1039 1479 vota
1055 1431 1077 1480 a
1093 1406 1276 1479 sodalibus
1294 1405 1439 1504 collegii
1460 1403 1653 1502 cujusdam
1677 1405 1768 1478 sacri
1793 1415 1827 1476 et

434 1529 589 1624 junioris
617 1528 735 1602 soluta
759 1529 869 1624 juxta
894 1525 1104 1600 mandatum
1132 1525 1237 1601 Jovis
1260 1525 1526 1623 Masphalateni
1555 1537 1592 1598 et
1614 1524 1825 1608 Menitiami‚

439 1652 502 1747 qui
519 1663 557 1724 et
573 1649 774 1747 appellatur
790 1647 970 1721 Dominus
990 1648 1192 1746 Tyrannus,
1209 1645 1280 1718 hoc
1298 1657 1362 1740 est,
1379 1659 1499 1720 rector
1517 1670 1687 1733 summus,
1704 1670 1826 1720 curan·

438 1773 536 1844 tibus
556 1769 798 1868 (caerimonias
815 1767 1005 1864 nimirum)
1024 1769 1050 1842 J
1051 1767 1173 1841 uliano
1190 1781 1228 1840 et
1245 1767 1486 1865 Hermogene.

513 1890 724 1987 Apponitur
751 1890 965 1964 nominatim
993 1890 1157 1963 recensio
1187 1889 1331 1963 illorum
1349 1889 1413 1986 qui
1436 1889 1642 1964 sodalitium
1660 1889 1826 1962 constitu·

440 2013 558 2100 ebant,
575 2036 718 2086 necnon
735 2012 907 2108 temporis
924 2011 1087 2086 definitio
1104 2012 1142 2084 in
1154 2011 1237 2098 fine,
1256 2037 1302 2086 sc.
1316 2036 1370 2085 an.
1383 2014 1465 2085 256.
1477 2037 1585 2085 mens.
1600 2017 1632 2084 6.
1670 2013 1828 2106 Quaestio

437 2133 552 2206 oritur
583 2130 629 2204 de
646 2131 785 2230 epocha
813 2144 855 2206 ut
881 2131 1125 2232 ohronologiae
1151 2145 1283 2206 nostrae
1312 2133 1488 2206 rationem
1517 2132 1721 2218 habeamus,
1741 2145 1778 2206 et
1793 2134 1828 2204 in

438 2252 505 2325 hac
522 2277 561 2325 re
576 2251 796 2346 assentienti,
808 2252 869 2325 vel
887 2252 1012 2326 saltem
1030 2253 1284 2350 acquiescenti,
1302 2253 1455 2326 similem
1473 2251 1695 2330 Bockhium¹
1720 2253 1828 2326 habet

436 2372 594 2446 Leakius
621 2373 685 2468 qui
713 2371 845 2470 respici
873 2383 978 2469 putat
1004 2372 1193 2448 victoriam
1220 2372 1420 2462 Actiacam,
1450 2372 1484 2445 h.
1509 2396 1539 2445 e.
1576 2397 1629 2446 an.
1648 2373 1696 2446 A.
1709 2372 1751 2448 C.
1770 2376 1824 2446 31.

438 2497 522 2569 Ηοο
549 2496 728 2568 incertum
752 2495 836 2568 satis
861 2507 903 2568 ut
930 2495 1045 2568 cuivis
1071 2494 1210 2594 patebit
1232 2495 1296 2589 qui
1321 2494 1524 2592 catalogum
1547 2493 1824 2568 Eckhelianum'

437 2616 583 2688 urbium
600 2638 684 2688 cum
702 2614 848 2712 epochis
866 2615 999 2688 notatis
1016 2614 1181 2688 conferre
1199 2615 1297 2687 velit.

513 2734 641 2808 Edidit
656 2733 755 2808 hunc
772 2733 918 2807 titulum
942 2734 981 2806 in
1006 2734 1217 2808 minusculis
1235 2758 1285 2807 ex
1301 2759 1410 2831 opere
1428 2734 1669 2832 Keppeliano¹
1690 2735 1827 2811 Boem-

439 2857 504 2928 ius.
566 2854 800 2952 Descriptum
828 2854 940 2928 habui
967 2853 1012 2926 de
1040 2853 1168 2927 eodem
1198 2879 1376 2928 marmore
1404 2855 1505 2950 quod
1537 2855 1709 2930 inviserat
1736 2857 1827 2954 Kep

438 2978 555 3075 pelius
582 2977 620 3050 in
651 3001 724 3073 quo
742 2978 846 3052 Jovis
874 2988 912 3050 et
938 2975 998 3049 dei
1021 2975 1159 3049 Mensis
1178 2976 1258 3073 (vel
1280 2976 1396 3072 Luni)
1423 2974 1626 3074 anaglypha
1652 2977 1828 3074 insculpta

439 3111 542 3172 erant
558 3123 641 3171 cum
660 3099 832 3196 symbolis
850 3098 980 3196 aquilae
1007 3110 1045 3171 et
1071 3097 1165 3171 tauri
1191 3099 1470 3196 procumbentis.
1523 3099 1654 3172 Habeo
1681 3111 1720 3174 et
1749 3123 1827 3198 apo

439 3219 617 3317 graphum
635 3217 734 3315 quod
751 3243 892 3294 mecum
911 3217 1192 3292 communicavit
1208 3217 1416 3293 Borrellius.

516 3343 640 3416 Variae
656 3343 753 3416 lectt.
769 3343 1004 3440 Keppelianae
1016 3355 1110 3430 sunt,
1127 3343 1166 3416 in
1182 3369 1216 3416 v.
1232 3347 1265 3417 2.
1285 3336 1425 3441 κυρίου.
1471 3344 1517 3416 Ιυ
1533 3367 1566 3416 v.
1582 3345 1613 3416 5.
1628 3334 1828 3421 Acerrimas

442 3461 633 3541 Παππίου.
685 3471 730 3542 In
748 3471 780 3542 8.
803 3457 998 3566 Θεόδωρος
1016 3459 1064 3558 β’·
1108 3467 1153 3540 In
1172 3470 1227 3542 10.
1252 3456 1508 3566 Μιτρόδωρος.
1556 3471 1602 3544 In
1621 3473 1676 3544 12.
1695 3466 1841 3542 Διονυ·’

442 3586 541 3666 σιόυ.
610 3592 655 3664 In
686 3594 742 3666 13.
771 3581 971 3688 utaque.
1038 3593 1084 3666 In
1106 3591 1169 3666 ult
1197 3592 1319 3690 posuit
1345 3594 1546 3692 Keppelius
1575 3619 1642 3693 pro
1670 3595 1828 3670 secundo

440 3704 803 3814 episemoAricrpov,
823 3741 897 3814 quo
910 3719 994 3815 jure
1013 3715 1147 3806 nescio,
1166 3741 1280 3814 quum
1303 3730 1429 3794 sextus
1450 3723 1584 3797 mensis
1605 3721 1717 3796 suerit
1734 3725 1831 3798 Xan·

484 3974 499 4004 ¹
514 3971 592 4030 Vide
604 3983 664 4032 not
675 3975 711 4032 ad
724 3976 770 4034 tit
785 3979 872 4036 3438.
886 3995 915 4053 p.
926 3977 993 4036 808.
1007 3995 1037 4035 u.
1051 3997 1074 4035 s.
1164 3974 1333 4036 Theodorus
1343 3977 1373 4036 h.
1384 3980 1403 4038 l.
1412 3990 1588 4041 memoratus
1588 3981 1673 4062 filius
1679 3983 1829 4044 Theodori.

484 4071 497 4109 ⁷
512 4066 589 4126 Vide
603 4069 639 4126 D.
653 4069 690 4128 N.
700 4070 739 4126 V.
754 4072 809 4128 vol
819 4087 861 4129 ιν.
874 4091 923 4149 pp.
932 4069 1000 4137 377.
1008 4091 1045 4132 ss.
1203 4075 1341 4154 bLapaus
1359 4077 1434 4138 ulter
1448 4081 1592 4160 Keppelii.
1632 4083 1748 4143 Nomen
1765 4103 1829 4143 con·

486 4159 499 4183 ⁸
513 4163 583 4222 Itin
596 4165 695 4224 volu
708 4187 737 4244 p.
748 4171 815 4234 349.
1163 4174 1302 4251 spicimus
1315 4177 1394 4254 qnod
1401 4179 1433 4236 in
1440 4179 1519 4240 ludis
1527 4181 1677 4241 Balbillais
1687 4183 1829 4262 (Fellows.

485 4263 603 4322 'Error
616 4265 794 4325 certissimus
814 4267 958 4346 Keppelii,
973 4267 1026 4344 qui
1047 4267 1114 4346 plu·
1163 4273 1233 4350 Lye.
1259 4275 1307 4334 tit.
1330 4279 1378 4335 22.
1398 4297 1426 4338 v.
1443 4281 1487 4346 19.
1537 4281 1649 4342 B‘ookh.
1673 4302 1723 4342 nn.
1746 4285 1830 4342 2810.
1964 4249 1965 4321 l

445 4362 707 4425 rimaiucuriosius
720 4367 867 4426 tractavit
907 4367 981 4426 Erat
993 4367 1115 4427 fortasse
1166 4370 1267 4448 3208.)
1280 4374 1432 4437 delitescit.
