3972 5240
130 560 521 647 rusca.ccxn1v.,ocxrv.]
678 557 988 624 PRYMNESSUS.
1463 561 1524 625 251

132 749 293 820 Nomina
311 748 477 820 filiarumc
495 749 639 844 penitus
654 747 869 820 exsulabant
886 771 934 820 ex
950 770 1148 838 marmore3
1176 745 1295 820 deleta
1311 746 1525 821 crediderim

133 867 180 940 de
207 867 397 941 industria.
450 869 615 944 Observo
633 868 780 942 demum
806 867 939 942 formas
966 869 1167 942 litterarum
1184 870 1223 942 in
1240 869 1347 944 titulo
1363 870 1526 943 rudiores

132 987 255 1074 fuisse,
274 999 312 1061 et
330 1013 350 1060 a
368 1013 477 1061 manu
493 1013 620 1086 parum
639 989 837 1062 exercitata
854 987 1041 1062 evidenter
1059 989 1223 1087 sculptas.

825 1230 1020 1266 1111

655 1427 1007 1506 PRYMNESSUS.

716 1611 796 1713 5)ss
817 1607 854 1705 dl
876 1635 949 1702 ἐν·

704 1791 914 1865 CCXLIV.
942 1819 969 1864 a.

736 1964 936 2036 ofiottxa

734 2077 898 2146 ΤΑΧΘΟ

739 2189 940 2260 ΝΙΟΙΕΚΑΙ

739 2302 930 2372 ΔΙΙΒΡΟΝ

665 2411 686 2479 5
737 2415 893 2483 riom!

450 2577 560 2657 Θεοῖς
580 2574 837 2678 καταχθονίοις
857 2575 917 2652 καὶ
937 2572 1002 2652 Διῒ
1020 2576 1238 2675 βροντῶντι.

216 2773 289 2846 Hic
312 2771 439 2845 titulus
463 2785 517 2844 est
541 2771 600 2843 vel
628 2768 870 2842 dedicatorius
895 2770 953 2842 vel
982 2770 1076 2844 inter
1103 2772 1198 2844 diras
1227 2771 1525 2845 annumerandus.

142 2893 270 2988 Habui
287 2917 335 2965 ex
353 2915 529 2964 marmore
557 2892 652 2963 inter
680 2889 873 2986 parietinas
891 2892 1146 2990 Prymnessias‚
1165 2891 1210 2964 de
1228 2893 1360 2987 quibus
1377 2891 1461 2964 vide
1479 2917 1530 2963 ar-

139 3027 356 3112 gumentum
374 3011 473 3108 quod
491 3011 663 3105 sequitur.
711 3012 799 3082 Erat
815 3009 965 3084 fortasse
983 3012 1159 3109 templum
1176 3011 1272 3110 apud
1283 3013 1530 3111 Prymnessios

141 3131 212 3206 diis
230 3131 429 3206 inferorum
450 3132 471 3204 i.
486 3156 515 3203 e.
535 3131 684 3204 Plutoni
712 3143 748 3203 et
775 3131 1012 3228 Proserpinae,
1030 3157 1103 3205 una
1128 3157 1211 3205 oum
1240 3135 1415 3218 Tonante,
1433 3131 1530 3206 dedi-

140 3265 274 3336 catum,
289 3253 348 3326 cui
362 3251 440 3324 haec
453 3251 571 3324 fuerat
584 3249 789 3347 epigraphe.
816 3251 872 3322 De
887 3249 957 3323 hoo
967 3251 994 3325 J
995 3274 1073 3336 ove,
1088 3250 1319 3346 etquomodo
1330 3249 1529 3325 distinctus

138 3373 252 3446 fuerit
268 3371 366 3470 apud
383 3374 562 3445 Romanos
580 3397 601 3442 a
619 3370 834 3467 Capitoline,
852 3370 1039 3445 adeundus
1057 3385 1112 3445 est
1127 3369 1346 3447 Suetonius⁶.

218 3493 347 3568 Edidit
362 3493 459 3568 huno
476 3493 621 3568 titulum
639 3493 825 3567 Franzius‘
843 3519 891 3566 ex
909 3493 1051 3567 schedis
1069 3495 1220 3568 Baronis
1249 3493 1294 3567 de
1313 3493 1436 3581 Wolff,
1465 3495 1527 3590 qui

142 3642 271 3714 parum
300 3628 465 3690 aoeurate
482 3617 669 3713 expressit.
725 3615 855 3688 Habeo
872 3629 909 3688 et
926 3615 1130 3714 apographa
1147 3615 1302 3689 Detterii
1323 3627 1360 3687 et
1377 3613 1531 3712 Kyriaki

142 3737 300 3822 Phaedri,
315 3737 434 3812 Graeci
450 3737 688 3834 Smyrnensis,
707 3761 862 3833 quorum
875 3736 945 3810 hoo
962 3737 1266 3810 absolutissimum
1284 3749 1346 3811 est.
1385 3737 1531 3835 Species

141 3881 314 3930 manuum
334 3857 554 3929 sublatarum
572 3881 655 3928 oum
673 3855 795 3954 digitis
812 3856 989 3952 protensis
1006 3855 1099 3930 infra
1125 3858 1162 3929 in
1184 3857 1388 3958 anaglypho
1403 3882 1531 3955 reprae·

142 3979 388 4062 sonabantur,
407 3975 506 4072 quod
523 3977 641 4072 ipsum
658 3976 838 4072 precantis
854 3971 995 4074 gestum
1013 3976 1131 4050 refert.

182 4161 194 4189 ⁰
209 4156 339 4214 Videtur
352 4175 411 4213 una
424 4172 462 4212 ex
473 4155 551 4214 hisce
564 4155 653 4214 luisse
666 4155 727 4214 filia
740 4157 812 4234 Try·
904 4156 917 4194 ‘¹
932 4159 1032 4214 Octav.
1048 4173 1109 4216 xer.
1125 4161 1150 4216 4.

142 4257 255 4332 phonis,
276 4256 368 4314 altera
390 4255 543 4330 privigna:
565 4256 613 4312 ssd
638 4275 763 4312 marmor
783 4257 814 4312 in
904 4261 916 4290 ‘
936 4257 995 4313 Ubi
1009 4275 1086 4332 supr.
1102 4277 1129 4334 p.
1141 4261 1167 4316 3.
1183 4278 1209 4315 n.
1221 4263 1306 4323 3819.

142 4355 195 4414 hac
208 4367 292 4433 parte
305 4355 388 4412 valde
401 4337 562 4412 oodtritum
578 4357 681 4413 suerat.

789 4453 872 4516 aaa
