4004 5264
382 551 403 614 4
950 540 1206 608 PRAEFATIO.

382 737 513 812 mentis
530 733 721 810 referenda
738 731 833 806 duco
851 754 1006 828 quorum
1023 729 1204 827 inprimis
1227 727 1420 830 deligenda
1437 732 1562 805 censui
1579 755 1660 828 quae
1678 735 1773 808 testi-

382 880 503 952 monia
529 875 745 952 confirmant
760 874 812 948 'de
837 873 1045 947 nominibus
1066 873 1232 970 antiquie.
1285 875 1392 949 Hanc
1410 874 1583 951 rationem
1603 893 1776 979 sequutus

383 1033 492 1096 testes
520 1045 568 1095 ex
586 1014 856 1116 Aphrodisiade
876 1013 1020 1100 Carum,
1034 1011 1164 1098 Cnido,
1179 1011 1444 1100 Halicarnasso
1463 1013 1613 1113 Mylasis
1633 1019 1698 1114 (sc.
1711 1044 1777 1118 per

384 1187 516 1236 nomen
543 1161 682 1234 illustre
710 1153 932 1249 Maussolli),
964 1152 1158 1237 Trallibus,
1189 1151 1365 1243 excitavi3
1393 1150 1477 1226 dein
1505 1178 1554 1228 ex
1582 1158 1776 1257 Metropoli

388 1302 551 1404 (Ioniae),
592 1302 754 1400 Smyrna,
786 1299 874 1384 Teo,
906 1293 1169 1394 Phila-delphin,
1203 1295 1306 1394 Myla
1338 1293 1706 1394 Philadelphenorum
1741 1313 1778 1373 ct

386 1443 551 1530 Maeonia,
578 1439 816 1540 probabiliter
850 1437 943 1524 satis,
979 1435 1207 1510 Alexandria
1243 1433 1396 1522 Troade,
1427 1436 1604 1533 Apameia
1634 1440 1776 1529 Ciboto‚

387 1587 572 1673 Eumenia,
586 1579 793 1682 Lacina[?],
805 1583 1032 1682 Prymnesso,
1042 1580 1170 1678 Perga,
1184 1577 1369 1678 Sillyo[?],
1382 1579 1601 1656 Antiocheia
1611 1583 1775 1670 Pisidica,

386 1723 585 1824 Apollonia
601 1721 799 1821 Lyciorum
815 1718 1010 1811 Thracum,
1030 1717 1228 1814 Sagalasso,
1257 1715 1406 1790 fortasse
1435 1731 1473 1792 et
1491 1719 1655 1795 Cremna.
1706 1724 1776 1797 Hae

385 1881 525 1944 cunctae
543 1865 778 1964 designantur
795 1861 833 1936 in
851 1860 967 1935 titulis
995 1885 1086 1957 quos
1114 1860 1279 1958 congessi
1297 1860 1356 1933 vel
1384 1861 1605 1949 nominatim,
1624 1863 1683 1936 vel
1711 1887 1777 1961 per

386 2025 488 2084 notas
505 2031 594 2103 quas
612 2005 770 2079 dixerim
787 2001 1032 2098 municipales,
1050 2011 1092 2072 ut
1110 2000 1268 2075 Cremna
1284 1999 1445 2073 IVLIA.
1465 1991 1721 2096 COLONIA,
1738 2003 1777 2075 id

387 2143 485 2242 quod
509 2167 557 2215 ex
577 2163 809 2214 nummorum
830 2135 901 2210 fide
924 2148 961 2209 et
978 2134 1186 2234 Geographi
1206 2135 1356 2208 illustris
1377 2148 1525 2210 constat.
1594 2135 1776 2236 Corycum

388 2285 527 2362 Ciliciae
543 2295 654 2368 tace0,
677 2280 843 2378 opinatus
867 2291 987 2352 tamen
1013 2291 1050 2351 et
1076 2276 1169 2351 hanc
1186 2277 1225 2350 in
1241 2276 1416 2376 fragmine
1434 2278 1566 2376 insigni
1589 2280 1775 2365 nominari,

385 2425 445 2497 cui
462 2448 550 2497 vero
567 2419 751 2520 ingenium
768 2419 868 2517 prius
886 2418 1121 2492 adhibeamus
1141 2430 1285 2532 oportet
1298 2443 1405 2515 quam
1426 2443 1492 2516 pro
1513 2432 1613 2493 certo
1630 2420 1776 2494 affirme-

385 2591 477 2638 mus.
521 2565 673 2636 Restant
702 2559 789 2649 aliae,
809 2559 1044 2636 Clazomenas
1069 2559 1243 2658 intelligo,
1270 2559 1517 2660 Nymphaeam,
1544 2563 1776 2652 Branchidas,

386 2708 543 2784 Cilicum
558 2703 798 2790 Celenderim,
810 2701 1033 2802 Pamphyliae
1047 2701 1158 2778 Sidon
1171 2713 1208 2776 et
1219 2703 1403 2790 Attaliam,
1411 2702 1584 2799 quasdam
1594 2718 1776 2802 praeterea,

385 2849 421 2920 in
442 2871 593 2942 quarum
608 2844 724 2917 titulis
741 2869 806 2942 per
822 2843 919 2917 hunc
936 2842 1147 2918 fasciculum
1166 2843 1296 2941 sparsis
1314 2843 1414 2918 nulla
1430 2857 1549 2919 exstat
1566 2869 1778 2919 commemo·

385 2983 477 3056 ratio
495 2983 679 3056 nominum
693 2981 939 3078 antiquorum:
960 2992 996 3054 at
1008 2981 1045 3053 in
1062 2979 1119 3053 his
1132 2981 1355 3055 eruditorum
1369 2977 1566 3058 consensus
1584 2987 1646 3082 qui
1657 2986 1717 3058 vel
1729 3011 1776 3058 ex

386 3116 472 3213 ipsis
490 3113 695 3188 nominibus
711 3112 896 3186 hodiernis
914 3112 1077 3200 trahitur,
1095 3113 1155 3186 vel
1173 3137 1220 3186 ex
1237 3113 1430 3189 ruderibus
1448 3141 1528 3213 quae
1546 3118 1778 3194 circumstant

387 3259 517 3332 aedium
545 3258 784 3353 antiquarum,
812 3257 872 3330 vel
896 3255 1053 3352 denique
1082 3256 1296 3354 scriptorum
1320 3257 1544 3353 testimoniis,
1570 3258 1777 3356 hujusmodi

385 3402 532 3474 lacunas
551 3397 776 3473 abundanter
794 3397 944 3496 supplet.
998 3398 1158 3472 Fallaces
1177 3423 1260 3472 saue
1278 3399 1573 3496 cumplurimum
1591 3400 1699 3494 tituli,
1716 3401 1778 3472 im·

387 3565 447 3614 mo
465 3540 610 3612 nomina
633 3563 654 3612 a
681 3538 842 3612 barbaris
864 3539 1040 3637 imposita,
1064 3541 1134 3614 nisi
1157 3541 1238 3638 quis
1262 3543 1386 3617 oculos
1408 3545 1572 3642 proprios
1600 3559 1775 3632 exerceat,

388 3683 544 3776 taliaque
575 3681 621 3755 ad
654 3679 765 3754 fidem
799 3681 1018 3756 itinerariam
1058 3695 1205 3757 revocet
1234 3685 1474 3758 examinanda
1502 3685 1656 3778 indicia;
1694 3687 1776 3761 ideo

388 3835 568 3922 postrema
598 3821 752 3896 memini.
806 3821 860 3896 Ut
880 3821 925 3896 de
952 3823 1193 3922 singularibus
1217 3825 1355 3917 dicam3
1383 3827 1445 3922 qui
1472 3825 1519 3900 ad
1545 3851 1676 3902 nomen
1700 3830 1776 3902 bar·

389 3965 517 4036 barum
535 3961 607 4034 vici
635 3984 655 4033 a
678 3960 883 4060 Metropole
910 3961 980 4035 tria
1004 3961 1117 4036 millia
1145 3987 1316 4060 passuum
1334 3963 1478 4036 circiter
1495 3962 1660 4038 distantis
1677 3964 1778 4039 dum·

391 4115 491 4178 taxat
521 4111 668 4200 spectat,
685 4101 746 4174 vel
773 4100 820 4174 ad
840 4101 1087 4176 testimonium
1104 4103 1292 4176 marmoris
1308 4103 1481 4201 inscripti,
1500 4103 1618 4177 statim
1635 4105 1778 4180 conclu·

391 4243 486 4330 serit,
514 4265 582 4315 nec
611 4240 801 4326 immerito,
828 4238 890 4315 hio
917 4241 1020 4316 sitam
1048 4240 1159 4315 hrisse
1189 4253 1349 4315 veterem
1385 4243 1512 4316 urbem
1548 4244 1679 4318 Ioniae:
1714 4245 1777 4318 sed

391 4387 511 4458 locum
541 4383 660 4479 ipsum
690 4380 795 4455 adeat
822 4393 974 4478 oportet,
1005 4407 1071 4481 pro
1106 4383 1319 4457 testimoniis
1349 4385 1464 4482 spolia
1493 4399 1631 4460 tantum
1658 4413 1779 4487 recog·
