3992 5240
454 571 515 636 136
861 571 1214 640 INSCRIPTIONES
1237 574 1429 643 GRAEOAE.
1612 579 1730 668 [meon.
1746 599 1829 644 ctvn.

1049 767 1304 838 ΩΔΗΜΩΤΩ

900 877 1199 950 ΟΝΙΟΣΚΑΙΚΟ

867 991 1302 1062 ΩΙΜΗ.ΕΠΕΠΡΟΣΗΙ<

855 1103 1305 1175 ΕΩΠΟΙΣΕΦΕΙΚΙΟΝΑΕ

579 1211 600 1280 5
826 1216 1389 1288 ΑΤΑΘΕΙΑΘΡΗΣΚΕΙΑΠΡΟΣ

880 1329 1397 1402 ΠΑΥΤΩΝΕΥΕΡΓΕΣΙΑΣΤΙ

806 1441 1499 1514 ΗΒΟΥΛΗΚΑΙΤΩΔΗΜΩΤΗΝΘΥΣ

753 1553 1504 1624 ΣΙΉΝΗΜΕΡΑΝΤΟΥΠΡΟΚΑΘΗΓΕΜ

754 1666 1555 1737 ΣΘΕΟΥΔΙΟΝΥΣΟΥΕΝΤΗΑΝΟΙΞΕΙΤΟ

754 1777 1444 1850 ΦΗΒΩΝΚΑΙΤΟΥΙΕΡΕΩΠΩΝΠΑΙ

754 1892 1491 1962 ΣΑΝΟΙΞΗΣΣΚΑΙΚΛΕΙΣΕΩΣΤΟΥΝΕ

720 2003 1516 2075 ΤΟΥΙΕΡΕΩΣΠΡΕΙΓΙΟΥΣΑΙΣΑΡΟΣΚΑΙΣ

705 2116 1245 2188 ΚΑΙΘΥΜΙΑΣΘΑΙΚΑΙΛΥΧΝ
1258 2163 1268 2184 .
1281 2115 1515 2184 ΠΤΕΣΘΑΙΕ

670 2229 1088 2300 ΩΝΤΟΥΔΙΟΝΥΣΟΥ
1091 2228 1179 2298 ΠΟ.
1194 2276 1203 2296 .
1220 2226 1619 2298 ,ΝΤΟΥΣΤΕΑΡΧΟΝ

557 2343 602 2414 15
656 2339 1638 2424 ΠΟΛΕΩΣΑΕΙΘΥΕΙΝΕΚΑΣΤΟΥΜΗΝΟΣΙΣΤΑΜΕ

655 2451 1721 2526 ΒΔΟΜΗΕΥΧΟΜΕΝΟΥΣΥΠΕΠΗΣΠΟΛΕΩΣΤΑΚΑΛ

652 2551 1655 2625 ΤΟΝΔΕΕΙΣΤΙΤΟΥΤΩΝΓΙΛΗΜΜΕΛΗΣΑΝΤΑΕΙΝ

656 2779 1519 2854 ΚΩΤΟΥΔΙΟΝΥΣΟΥΝΟΜΟΥΤΑΞΙΝΕΧΟΝ

530 2985 786 3080 Fragmentum
805 2981 942 3055 decreti
968 2981 1008 3053 in
1032 2979 1103 3054 hoe
1120 2978 1226 3054 titulo
1243 2977 1400 3055 refertur
1416 2979 1516 3078 qnod
1533 3006 1554 3055 a
1574 2979 1710 3058 Senatu
1727 2982 1833 3076 Popu-

1957 2095 1958 2130 t

1957 2189 1958 2252 t

1957 2335 1958 2388 t

688 2664 1613 2737 ΗεΝκΑΡΑκθΗΝΑιτετοΔετοψΗοιῑΜΑεΝ

455 3105 563 3202 loque
582 3103 755 3176 Teiorum
781 3101 985 3200 profectum
1003 3115 1066 3190 est,
1085 3101 1131 3175 de
1155 3101 1367 3175 eaerimoniia
1385 3102 1601 3199 quibusdam
1619 3127 1708 3200 quae
1725 3101 1833 3176 obser·

455 3224 591 3298 vandas
619 3233 818 3296 statuerant
843 3221 882 3294 in
911 3219 1011 3294 festia
1040 3221 1195 3320 Dionysi
1224 3220 1520 3320 Kathegemonis,
1543 3221 1602 3296 vel
1629 3233 1671 3296 ut
1697 3219 1831 3294 videtur

456 3341 656 3440 nuncupari
673 3340 712 3414 in
728 3364 761 3414 v.
773 3341 805 3414 8.
824 3336 1181 3438 Prokathegemonis.

530 3460 762 3556 Descriptum
788 3457 901 3532 habui
930 3456 977 3531 de
1005 3481 1183 3532 marmore
1209 3458 1304 3532 inter
1326 3457 1458 3534 rudera
1483 3461 1609 3558 templi
1626 3457 1832 3561 Dionysiaci.

457 3581 722 3680 Apographum
750 3578 903 3654 alterum
920 3603 941 3651 a
958 3577 1136 3652 Borrellio
1153 3580 1458 3654 communicatum
1475 3580 1592 3657 habeo
1608 3582 1646 3656 in
1664 3606 1737 3677 quo
1753 3581 1834 3656 mim

457 3703 627 3800 disjectos
644 3723 770 3774 versus
797 3697 981 3797 conspicio
997 3709 1035 3772 et
1057 3699 1096 3771 in
1119 3698 1199 3773 loca
1225 3699 1341 3774 aliena
1370 3724 1453 3774 cum
1489 3703 1592 3800 gravi
1620 3725 1745 3776 sensus
1773 3699 1833 3774 dia·

457 3823 592 3924 pendio
626 3821 825 3898 translatos.
889 3821 968 3896 Nec
1003 3820 1117 3918 magis
1145 3821 1298 3918 juvabat
1329 3821 1598 3896 Poeoekiannm
1631 3821 1731 3918 quod
1754 3823 1833 3920 jam·

456 3944 597 4019 dudum
613 3943 708 4016 inter
725 3939 823 4016 edita
839 3937 979 4027 suerat,
997 3938 1098 4034 atqui
1115 3937 1282 4013 sordibus
1304 3938 1395 4014 adeo
1412 3939 1599 4038 oppletum
1615 3955 1657 4015 ut
1675 3942 1721 4016 de
1742 3949 1832 4015 certa

458 4067 578 4161 aliqua
613 4063 811 4138 lectionum
844 4060 1110 4148 constitutione,
1138 4062 1337 4158 praesertim
1370 4061 1410 4136 in
1438 4063 1603 4138 versibus
1635 4063 1834 4140 ineuntibus

459 4211 550 4285 quos
568 4183 714 4258 omnino
730 4179 805 4258 fere
823 4203 872 4254 ex
888 4202 1064 4253 marmore
1082 4179 1269 4254 evanuisse
1291 4180 1510 4270 inveneram,
1526 4179 1769 4280 desperaverit
1784 4179 1836 4254 vel

980 4427 992 4457 ²
1008 4421 1135 4480 Insanit
1149 4441 1178 4500 p.
1189 4425 1236 4482 20.
1250 4442 1278 4482 n.
1289 4426 1314 4482 1.
