4004 5264
771 591 1029 658 PRAEFATIO.
1575 597 1593 662 5

203 779 344 852 niturus
361 803 383 851 a
398 777 523 852 fodina
550 777 752 875 splendoris
779 779 918 877 antiqui
942 782 1100 879 abrepta
1156 781 1280 856 Simile
1298 781 1388 877 quid
1405 784 1593 860 observan-

204 923 288 996 dum
302 921 403 996 venit
419 933 457 996 et
474 919 520 994 de
536 920 773 998 Stratoniceia
787 922 932 1010 Carum,
944 922 1044 1019 quod
1059 923 1098 994 in
1115 921 1288 996 fasciculo
1304 924 1421 1022 primo
1438 925 1595 1023 reperiet

203 1065 326 1138 lector.
389 1063 511 1157 Quum
545 1087 633 1137 vero
664 1062 755 1136 fides
789 1075 1105 1137 monumentorum
1142 1060 1299 1152 accedat,
1334 1064 1465 1139 aedium
1500 1065 1592 1153 dioc,

204 1209 435 1296 theatrorum,
453 1207 712 1295 columnarum,
739 1207 835 1280 inter
857 1231 940 1302 quae
956 1230 1046 1280 voce
1064 1206 1218 1302 quadam
1236 1231 1285 1278 ex
1303 1207 1442 1280 tumulo
1465 1207 1595 1282 emissa

204 1349 449 1424 testimonium
478 1347 564 1422 edat
590 1373 757 1442 marmor,
775 1359 817 1422 ut
834 1346 1042 1421 Arundello
1060 1345 1199 1421 dudum
1217 1348 1313 1422 inter
1331 1346 1593 1446 sagalassensis

204 1489 370 1576 versanti,
388 1489 487 1563 abire
515 1487 640 1562 credas
672 1486 944 1573 dubitationem,
963 1485 1221 1581 scientiamque
1249 1485 1525 1586 geographicam
1555 1487 1593 1560 in

204 1631 320 1726 majus
338 1627 499 1726 provehi.

279 1770 370 1842 Huc
397 1768 435 1842 in
462 1769 588 1866 primis
617 1768 798 1842 monenda
815 1767 984 1843 existimo
1012 1769 1058 1842 de
1086 1766 1232 1841 sedibus
1250 1793 1271 1842 a
1287 1767 1441 1842 catervis
1470 1767 1593 1841 barba·

205 1933 327 1981 rorum
345 1907 529 2005 occupatis
547 1907 610 2005 qui
623 1906 696 1980 huo
713 1907 801 1981 illuc
814 1907 1007 2005 pretiosam
1020 1908 1281 2006 supellectilem
1292 1911 1330 1983 in
1341 1911 1419 1984 dies
1437 1911 1593 1998 trahunt,

206 2047 273 2144 ipsi
304 2035 431 2145 parum
461 2048 595 2122 curiosi
625 2049 685 2122 vel
712 2075 798 2124 usus
826 2051 863 2123 in
892 2073 1000 2147 quem
1034 2052 1189 2150 optaturi
1218 2066 1310 2138 sunt,
1339 2055 1399 2127 vel
1425 2055 1506 2142 loci,
1534 2059 1593 2130 cui

206 2181 416 2256 exornando
443 2183 598 2256 student.
650 2185 750 2257 Hinc
779 2184 818 2257 in
845 2185 1028 2261 itinerario
1046 2189 1219 2264 Pocockii
1244 2204 1358 2265 ortam
1385 2193 1495 2268 fuisse
1513 2221 1595 2270 con-

205 2321 381 2396 fusionem
400 2323 633 2399 crediderim:
662 2327 833 2402 nimirum
861 2331 1041 2406 invenisse
1059 2334 1178 2408 virum
1206 2335 1354 2411 doctum
1378 2339 1475 2438 apud
1495 2342 1595 2440 Mag-

207 2479 306 2540 netas
325 2465 442 2541 Cariae
459 2481 733 2542 monumentum
750 2469 788 2564 in
806 2493 879 2565 quo
896 2495 1028 2546 nomeu
1042 2473 1265 2548 Trallianum
1283 2475 1502 2576 insculptum
1521 2495 1594 2572 est;

207 2603 348 2692 deinde,
367 2629 479 2701 quum
503 2605 600 2703 apud
619 2607 761 2681 Tralles
785 2607 879 2706 ipsas
898 2593 1002 2712 (μ
1023 2607 1117 2716 App)
1136 2613 1391 2710 diversaretur,
1414 2617 1453 2690 in
1473 2642 1595 2716 parem

207 2769 287 2816 eum
320 2743 505 2816 materiam
542 2743 733 2838 incidisse3
770 2771 852 2842 quae
879 2749 1008 2837 omnia,
1036 2753 1284 2828 commistione
1315 2755 1470 2852 quadam
1499 2757 1597 2832 sche-

208 2887 333 2961 darum
356 2889 494 2974 oborta,
512 2889 617 2984 cujus
644 2887 698 2960 rei
725 2913 852 2986 parurn
880 2889 1044 2964 curiosus
1071 2892 1217 2966 videtur
1244 2893 1354 2967 fuisse
1382 2895 1595 2984 Pooockius,

204 3038 340 3098 temere
370 3025 472 3098 illum
500 3025 697 3122 Magnesiae
729 3024 813 3132 (ὣς
834 3025 948 3124 aql)
981 3031 1213 3105 accensuisse.
1266 3031 1339 3108 Sed
1364 3033 1505 3110 felicius
1528 3037 1598 3112 hoc

207 3165 436 3264 postmodum
467 3163 647 3240 Sherardo
681 3164 832 3259 aliisque
867 3165 982 3238 cessit.
1046 3168 1106 3240 Ex
1134 3167 1261 3242 eodem
1297 3169 1389 3245 forte
1424 3173 1598 3270 profluxit

208 3334 308 3384 error
336 3309 375 3381 in
402 3307 549 3406 regione
569 3305 713 3380 Troade
732 3305 778 3379 de
796 3306 869 3379 situ
898 3305 959 3378 Ilii
984 3309 1140 3380 recentis
1164 3333 1272 3406 quem
1299 3334 1337 3383 se
1364 3314 1597 3409 conspexisse

207 3447 403 3524 credebant
431 3445 578 3544 quidam
606 3444 704 3543 apud
732 3444 854 3518 vicum
871 3443 1065 3547 Kltalifutlt
1085 3446 1261 3556 (μὰ),
1290 3449 1496 3546 posthabito
1513 3452 1598 3528 Hu-

205 3586 346 3686 sardjek
364 3582 581 3686 (asp)
613 3582 652 3654 in
687 3581 819 3655 vicinia
851 3583 1005 3679 jacente,
1044 3585 1103 3659 cui
1141 3587 1404 3686 chorographia
1437 3594 1599 3669 exactior

209 3751 273 3800 sna
295 3728 379 3821 jura
405 3725 571 3798 restituit.
626 3722 773 3797 Summa
802 3722 855 3796 rei
878 3736 941 3811 est,
960 3725 1198 3800 marmoribus
1225 3729 1417 3806 accidiss'se
1439 3733 1539 3828 quod
1562 3749 1599 3810 et

208 3866 375 3952 nummio,
397 3865 518 3940 valere
539 3865 694 3940 multum
713 3866 903 3940 dumtaxat
930 3869 976 3942 ab
1002 3869 1046 3942 iis
1064 3869 1223 3946 indicata
1245 3898 1327 3970 quae
1354 3875 1490 3949 notitiis
1511 3877 1598 3974 ipsis

208 4005 502 4104 chorographicis
519 4016 733 4104 congruunt.

285 4144 426 4216 Verum
444 4166 489 4215 ne
506 4142 546 4214 in
563 4141 633 4214 hoc
650 4153 863 4239 argumento
886 4143 1018 4218 nimius
1036 4145 1103 4218 sim
1120 4149 1266 4236 veritus,
1285 4150 1331 4224 ad
1348 4152 1417 4226 alia
1434 4179 1597 4254 propero,

207 4282 333 4358 tittdos
369 4282 413 4356 in.
440 4282 566 4379 primis
596 4280 810 4378 insigniores
835 4308 926 4379 quos
950 4284 989 4356 in
1009 4284 1079 4360 hoc
1100 4285 1273 4362 fasciculo
1292 4289 1525 4369 vehementer
1551 4299 1598 4371 le-

206 4423 369 4522 gentium
390 4419 517 4495 studiis
534 4417 821 4494 commendanda
846 4420 1090 4496 existimarim.
1153 4426 1458 4524 Aphrodisienses
1488 4447 1597 4509 trans-
