3952 5238
419 589 483 654 aro
969 574 1261 644 auersatum.
1597 571 1813 660 [mecum.

485 769 725 838 Proconsulatus
741 763 931 832 Diocletiani
947 763 1060 851 incipit
1073 763 1106 827 in
1121 761 1259 826 nummis
1273 760 1308 824 in
1322 783 1371 826 an.
1388 759 1425 824 P.
1437 755 1476 824 C.
1489 757 1578 823 290¹.
1624 755 1817 824 Maximiani

419 901 555 966 quoque,
579 891 611 943 et
634 899 707 941 cum
733 873 832 960 epigr.
856 870 1021 948 consimili,
1044 869 1129 956 quod
1148 881 1181 935 et
1194 867 1359 934 confirmat
1382 865 1492 930 titulus
1515 863 1550 928 in
1572 865 1641 952 ejus
1663 863 1817 932 honorem

420 1007 514 1072 quem
544 983 680 1048 afferunt
699 979 866 1045 Gruterusy
885 989 918 1042 et
936 975 1112 1042 Mariuius¹.
1170 975 1274 1040 Abest
1292 995 1379 1050 vero,
1405 983 1442 1036 ut
1464 970 1621 1036 monitum
1644 983 1691 1036 ast
1711 993 1816 1058 supra,

420 1089 540 1156 mentio
554 1089 664 1154 summi
685 1086 865 1160 stomatasm
886 1105 946 1148 nec
964 1095 1068 1169 potest
1087 1080 1233 1169 expediri
1259 1077 1426 1144 difficultas
1451 1099 1495 1142 ex
1521 1076 1640 1142 Dione⁸
1654 1075 1710 1162 qui
1733 1089 1818 1142 certe

424 1197 517 1261 docet
530 1215 630 1259 unum
645 1205 768 1259 tantum
791 1190 874 1255 inter
887 1189 1051 1277 Augustos
1069 1187 1206 1276 potrusse
1221 1209 1335 1251 munus
1350 1207 1518 1261 exercere;
1540 1205 1615 1248 nam
1636 1181 1690 1248 lex
1713 1182 1817 1270 primo

343 1292 345 1296 ’
428 1301 607 1376 constituta,
633 1297 836 1386 regnantibus
858 1294 992 1362 Balbino
1018 1307 1051 1360 et
1076 1293 1230 1381 Pupieno,
1247 1289 1362 1357 deinde
1377 1303 1512 1375 utroque
1527 1287 1688 1376 Philippo,
1709 1301 1818 1376 postea

424 1407 503 1486 aliis,
518 1406 650 1471 infracta
663 1405 732 1470 estl.
778 1401 951 1491 Responsio
966 1401 1139 1467 meliorest
1153 1399 1239 1486 quod
1262 1423 1320 1466 nec
1343 1421 1392 1463 res
1408 1397 1588 1484 postulabat
1601 1395 1729 1488 plemam
1742 1393 1818 1460 titu-

423 1513 526 1577 lorum
541 1509 808 1578 enumerationem
822 1533 880 1576 nec
895 1509 929 1574 in
943 1509 1049 1575 labore
1063 1507 1263 1596 insculpendi
1277 1507 1349 1596 plus
1360 1506 1446 1592 justo
1457 1503 1572 1570 curiosi
1581 1516 1670 1570 erant
1679 1503 1816 1592 opifices.

425 1622 522 1688 Plura
537 1621 650 1687 adsunt
664 1619 820 1708 exempla.
868 1619 923 1686 Sic
937 1619 972 1684 in
987 1619 1080 1685 titulo
1095 1643 1188 1708 supra
1202 1631 1374 1684 memorato
1390 1616 1519 1684 Gruteri
1534 1615 1690 1682 omittitur
1706 1611 1745 1679 Ρ.
1759 1613 1810 1678 Μ.

426 1729 465 1793 In
476 1741 582 1792 nostro
601 1726 801 1804 Ἀνθύπατος
810 1749 875 1791 non
886 1726 975 1792 audit
984 1725 1211 1791 Maximianus.
1240 1723 1399 1810 Equidem
1413 1723 1555 1788 siveram
1565 1721 1606 1787 sit
1614 1721 1699 1808 quod
1710 1723 1818 1789 statuit

427 1833 659 1921 spanhemius,
674 1857 798 1921 nempe,
809 1857 939 1899 omnem
954 1846 1009 1898 aut
1032 1845 1115 1900 certe
1126 1830 1318 1919 praecipuam
1333 1829 1399 1893 vim
1414 1827 1576 1916 potestatis
1590 1829 1818 1916 proconsularis

426 1941 461 2005 in
476 1939 671 2028 imperatoris
685 1939 840 2005 vocabulo
854 1938 948 2006 fuisse
962 1938 1105 2026 positam,
1122 1939 1227 2003 abesse
1234 1949 1358 2025 poterat
1365 1959 1464 2022 quum
1475 1933 1631 2023 praecedat
1642 1937 1819 2023 Αὐτοκράτ-

429 2077 487 2135 ωρ.
530 2045 634 2131 Atqui
649 2045 778 2134 college
792 2044 827 2109 in
841 2044 973 2132 imperio
988 2043 1146 2111 tribuitur.

492 2153 526 2219 Si
542 2165 699 2240 quaeratur
712 2177 768 2220 cur
783 2151 941 2219 omiserim
956 2153 1140 2241 exemplum
1151 2152 1291 2222 ,ductum
1306 2173 1349 2216 ex
1363 2149 1464 2214 titulis
1478 2148 1586 2215 Jom'as
1600 2160 1632 2215 et
1645 2147 1816 2227 Hecatae,

428 2281 505 2345 quos
520 2271 632 2323 notum
647 2269 694 2323 est
707 2257 914 2345 Imperatores
928 2256 1094 2322 adscivime
1105 2279 1178 2322 sum
1193 2279 1284 2321 sensu
1299 2253 1450 2342 peculiari
1466 2255 1519 2338 (ut
1537 2251 1660 2318 nummi
1674 2256 1816 2340 crepant)

429 2364 692 2452 conservatorum
707 2362 932 2440 Romanorum,
947 2362 1130 2449 respondeo,
1142 2360 1222 2426 mihi
1236 2385 1300 2426 nou
1314 2359 1436 2446 liquido
1450 2373 1591 2426 constare
1612 2383 1664 2424 eos
1684 2359 1818 2446 potuisse

429 2470 464 2534 in
477 2481 583 2534 nostro
597 2467 704 2533 locum
718 2465 869 2532 obtinere.
915 2465 1073 2545 Videmus
1095 2465 1130 2529 in
1155 2487 1284 2531 recensu
1299 2463 1512 2531 Elekhelianod
1526 2487 1728 2530 nummorum
1744 2487 1819 2550 quos

429 2599 518 2662 vapos
532 2571 679 2662 appellat,
694 2569 750 2637 sed
764 2571 877 2637 absunt
891 2570 931 2636 ab
946 2569 1091 2634 omnibus
1106 2567 1228 2634 definiti
1246 2568 1394 2656 temporis
1413 2591 1512 2653 usque
1527 2567 1568 2632 ad
1581 2591 1630 2632 an.
1647 2567 1684 2632 P.
1697 2567 1735 2633 Ο.
1749 2569 1818 2633 304.

431 2703 529 2766 quum
539 2679 672 2765 jamjam
686 2700 857 2766 purpuram
871 2675 1004 2764 posituri
1018 2687 1149 2742 suntet
1161 2673 1376 2740 Diocletianus
1387 2687 1420 2740 et
1434 2672 1658 2750 Maximianus,
1670 2673 1724 2738 hic
1739 2673 1819 2764 apud

432 2783 659 2862 Mediolanum,
683 2781 737 2848 ille
760 2780 989 2860 Nicomediam,
1007 2780 1048 2845 ad
1072 2779 1208 2844 Kalend.
1234 2777 1324 2856 Maii,
1348 2779 1384 2844 P.
1398 2778 1436 2844 Ο.
1461 2779 1555 2845 305.:
1583 2801 1643 2844 nec
1669 2779 1820 2867 reperitur

434 2887 668 2962 HERCVUO
695 2894 730 2960 in
754 2893 958 2982 inscriptione
986 2891 1101 2958 Latina
1130 2890 1204 2956 anni
1231 2891 1303 2957 293.
1331 2913 1425 2976 quem
1450 2911 1543 2978 supra
1568 2913 1611 2955 ex
1626 2890 1820 2956 Gruterianis

433 3017 535 3090 tetrgr.

497 3111 526 3175 8.
551 3111 644 3178 θεόν.
689 3105 902 3194 Aphroditen.
948 3103 1012 3172 Sed
1027 3127 1131 3190 quare,
1147 3102 1361 3168 dominatione
1376 3101 1555 3191 principum
1569 3102 1715 3180 stabilita
1728 3103 1820 3170 debe·

434 3213 511 3278 baut
524 3211 661 3302 gaudere
676 3208 940 3299 Aphrodisienses
955 3207 1120 3273 tutelarem
1134 3231 1243 3272 eorum
1266 3207 1441 3274 recordati?
1484 3207 1557 3274 Hoc
1576 3207 1649 3274 satis
1662 3189 1822 3297 explicant

435 3322 531 3386 verba
545 3343 615 3406 quae
629 3330 803 3404 sequuntur
817 3314 866 3384 διὰ
882 3321 940 3396 τὴν
960 3317 1043 3402 πρὸς
1059 3313 1234 3400 Ῥωμαίους
1246 3317 1425 3394 οἰκειότητα,
1438 3338 1507 3400 quae
1522 3314 1710 3403 interpretor
1723 3318 1762 3382 ob
1776 3341 1821 3382 ae·

434 3427 638 3492 ammanitem
652 3446 719 3488 eum
729 3421 886 3488 Rornania.
931 3419 1010 3485 Erat
1023 3442 1137 3508 nempe
1146 3419 1329 3485 Graecorum
1344 3419 1384 3485 ad
1399 3419 1535 3508 origines
1549 3419 1705 3508 mythicas
1719 3421 1822 3511 appel-

436 3531 500 3599 lare
523 3532 558 3596 in
581 3527 741 3594 firmandis
766 3525 912 3594 amicitiis
931 3526 984 3592 vel
1006 3524 1040 3590 in
1062 3523 1222 3591 beneficiis
1247 3523 1403 3612 rogandis,
1423 3525 1513 3611 cujus
1537 3525 1683 3614 exempla
1708 3529 1822 3616 praebet

436 3636 573 3726 insignia
596 3633 749 3712 Tacitus,
772 3631 933 3712 nimirum,
957 3655 1055 3717 quum
1081 3629 1222 3719 Ephesii,
1247 3631 1412 3720 Magnetes
1431 3632 1540 3712 Ioniae,
1561 3633 1821 3724 Aphrodisienses

437 3741 544 3820 nostri,
560 3753 629 3818 etc,
645 3752 681 3805 ut
695 3737 821 3827 templis
835 3763 944 3805 eorum
954 3739 1028 3824 jura
1047 3737 1124 3826 asyli
1148 3738 1312 3804 firmentur
1337 3753 1489 3827 peterent,
1504 3739 1589 3808 hisce
1601 3742 1731 3828 quidem
1745 3743 1823 3812 inter

436 3863 538 3916 cetera
551 3845 687 3914 Veneris
708 3843 893 3933 religionem
915 3867 979 3931 prae
994 3867 1026 3908 se
1040 3841 1211 3910 ferentibus
1226 3841 1278 3908 cui
1292 3841 1391 3908 honos
1406 3842 1536 3910 collatus
1558 3843 1661 3913 fuerat
1673 3872 1693 3914 a
1705 3847 1822 3916 Oaesare

346 4076 349 4084 ·
470 4055 482 4080 ¹
499 4049 573 4096 Eckh.
585 4047 797 4107 ubisupr.1aa.a
815 4047 880 4096 Cous.
893 4049 929 4094 16.
941 4047 963 4093 b.
1187 4053 1198 4080 θ
1215 4047 1385 4097 manutere.
1398 4049 1494 4098 naara
1503 4063 1552 4100 ιιι.
1561 4055 1649 4113 11467.
1666 4053 1821 4103 Eaekhelrrtt

470 4135 736 4194 iloneapoonxm.
748 4134 771 4179 4.
1156 4147 1178 4194 p.
1191 4136 1246 4181 841.

471 4215 1025 4277 *Mmmmudsltntsltinmltp.nxav1.
1188 4215 1336 4266 ‘Votum
1348 4219 1419 4279 ppt.
1430 4219 1467 4267 18.

471 4309 482 4334 ¹
499 4301 629 4350 Historia
644 4304 681 4350 17.
1189 4309 1200 4334 ²
1217 4301 1303 4350 Aunal
1313 4315 1352 4351 ur.
1366 4306 1404 4351 61.
1414 4317 1442 4351 sa
1456 4317 1491 4352 tv.
1505 4307 1543 4354 48.

410 4375 413 4378 ¹
472 4385 660 4436 amansium.
672 4401 710 4448 pp
725 4389 761 4437 17.
775 4389 829 4436 883.
