3956 5248
185 529 532 618 tuscu.cxcrv.‚cxcv.]
614 526 924 594 ALEXANDRIA
943 525 1104 594 TROAS.
1502 527 1563 592 399

243 715 440 786 Crediderim
455 727 570 782 statuas
591 713 685 782 fuisse
700 737 719 780 a
732 711 934 801 Pergamenis
948 725 980 777 ει
994 709 1221 778 Alexandrinis
1238 709 1371 777 Troadis
1392 709 1506 798 positas
1528 711 1563 775 in

181 826 332 892 honorem
346 822 453 911 megni
468 819 624 908 Principis
638 843 736 906 quum
751 819 836 907 apud
847 841 899 886 eos
915 817 1137 884 deverteretur.
1165 818 1327 885 Variatam
1338 816 1494 884 cernimus
1504 815 1564 882 for·

181 930 319 998 mulam:
341 928 426 1016 apud
439 927 509 992 illos
525 926 661 1014 Strategi
672 924 809 992 officium
824 925 983 1000 curabant,
996 923 1080 1010 apud
1094 923 1151 990 hos
1162 923 1203 1008 (si
1218 923 1312 988 modo
1323 921 1402 1010 sigla
1415 921 1455 988 ad
1468 920 1564 988 finem

181 1035 239 1101 rite
247 1032 414 1122 expedio),
426 1030 605 1098 Duumviri.
630 1030 695 1096 Sed
704 1030 738 1094 in
747 1028 807 1094 hoc
821 1028 933 1094 haereo.
957 1027 1050 1094 Certe
1062 1029 1199 1096 Romani
1208 1052 1265 1117 pro
1281 1029 1333 1116 (p)
1351 1028 1519 1116 aliquando
1529 1029 1565 1094 in

182 1140 281 1208 titulis
295 1151 467 1228 posuerunt
481 1151 514 1204 et
530 1136 581 1225 (d)
598 1148 631 1204 et
646 1136 717 1226 (q)¹.
747 1135 833 1202 Illud
844 1136 943 1224 magis
957 1135 1051 1201 refert
1065 1135 1258 1204 elementum
1273 1137 1420 1202 abnorme
1436 1135 1520 1222 quod
1530 1135 1565 1200 in

183 1247 245 1314 line
260 1245 344 1312 tituli
358 1245 460 1314 fidens
473 1243 622 1334 expressi.
666 1243 789 1310 Idcirco
803 1243 1024 1330 interpretetus
1039 1265 1117 1320 sum
1133 1245 1287 1310 duumviri
1295 1255 1469 1332 posueram.

801 1515 938 1582 OXOV.

249 1663 279 1726 t.
304 1662 493 1740 Βουλειηάς.
548 1659 774 1749 supplementa
797 1659 908 1726 Graeea
936 1683 992 1747 pro
1017 1659 1122 1726 valore
1150 1681 1208 1725 suo
1236 1615 1390 1726 aestiment
1417 1657 1565 1746 legentes.

187 1767 262 1834 Post
280 1775 345 1838 τῶν
359 1767 394 1834 in
411 1768 471 1836 hoc
486 1791 578 1834 versu
596 1769 783 1854 sequebatur
798 1767 924 1834 fortasse
938 1766 1186 1853 Ἀλεξανδρέων.
1231 1764 1295 1832 Sed
1309 1764 1421 1830 omissa
1433 1763 1566 1830 hariola-

186 1871 271 1940 tione
285 1895 383 1962 pergo
397 1872 438 1938 ad
449 1872 563 1940 Latina
577 1895 710 1960 quorum
725 1883 905 1960 supererant
918 1870 1008 1958 plura
1022 1883 1055 1938 et
1068 1866 1282 1936 fructuosiora.

250 1983 290 2047 In
311 2005 403 2048 versu
428 1983 530 2072 primo
554 1983 718 2050 exstiterat
742 1981 851 2070 procul
874 1981 971 2048 dubio
994 1981 1028 2048 in
1052 2004 1205 2048 marmore
1239 1974 1564 2056 DlOCLETlANO,

188 2085 277 2172 cujus
296 2085 400 2154 littera
413 2086 505 2152 tertia
529 2086 593 2154 sola
613 2085 758 2154 restabat.
802 2083 927 2152 Deinde
941 2085 1150 2172 sequebantur
1165 2085 1249 2154 tituli
1263 2086 1370 2174 quales
1383 2085 1417 2152 in
1431 2086 1568 2152 nummis

188 2189 261 2256 anni
272 2190 316 2257 U.
326 2190 365 2258 Ο.
384 2191 477 2258 1045.
500 2190 538 2255 Ρ.
550 2189 588 2259 (l.
599 2192 671 2258 292.
686 2189 890 2278 perhibentur
904 2215 912 2268 ;
933 2189 1028 2276 hujus
1042 2190 1127 2258 enim
1138 2191 1213 2258 anni
1226 2191 1461 2281 inscriptionem
1474 2191 1568 2260 sitisse

188 2310 326 2362 autumo.
371 2295 543 2373 Habemus,
553 2293 587 2359 in
602 2293 719 2382 primis,
734 2292 861 2360 tertium
877 2292 1072 2359 consulatum
1088 2292 1278 2360 Maximiani
1289 2293 1425 2382 positum
1435 2293 1507 2360 inv.
1519 2296 1568 2373 4.;

188 2401 318 2489 proinde
333 2399 497 2490 eligendus
517 2416 564 2467 εει
583 2423 682 2465 annus
699 2411 771 2464 ente
785 2398 827 2465 U.
838 2399 877 2464 O.
892 2398 985 2464 1046.
1031 2398 1095 2465 Sed
1109 2411 1235 2488 propter
1249 2398 1440 2466 mentionem
1454 2399 1568 2466 factam

189 2505 346 2668 Oeqqmlrln
360 2505 395 2570 in
409 2529 463 2569 vv.
479 2506 509 2570 t.
521 2527 558 2570 ss.
574 2501 698 2591 regredi
720 2501 885 2588 nequimus
903 2513 975 2568 ante
999 2525 1047 2567 an.
1070 2502 1164 2569 1045.
1208 2501 1288 2570 Haeo
1300 2502 1405 2568 omnia
1425 2501 1570 2570 edocebit

191 2603 238 2670 Ec
287 2603 392 2670 e'us¹.

252 2714 292 2778 In
306 2737 397 2780 versu
412 2711 548 2780 secundo
563 2711 784 2799 descripseram
798 2723 869 2798 post
888 2705 980 2772 AVG
1002 2733 1044 2777 ex
1064 2709 1226 2776 marmoris
1247 2711 1373 2779 indiciis
1396 2707 1463 2788 ΕΤ,
1480 2713 1569 2800 quasi

188 2819 277 2886 fieret
297 2819 439 2886 transitio
464 2819 504 2886 ad
519 2819 683 2908 collegam
704 2819 738 2883 in
759 2817 903 2906 imperio.
948 2819 1041 2886 Certe
1063 2816 1305 2906 haudquaquam
1322 2843 1446 2888 necesse
1467 2835 1514 2886 εει
1532 2834 1569 2886 ut

191 2925 316 3012 plenam
339 2925 606 2994 enumerationem
621 2925 801 2992 Tituiorum
816 2925 1043 3013 Imperantium
1067 2938 1270 3013 expectemus
1293 2925 1327 3016 in
1349 2927 1568 3003 monumentis,

189 3051 225 3102 ut
243 3037 277 3102 in
292 3037 412 3106 noted
426 3041 498 3104 v.l.
514 3037 660 3104 titxmv.
676 3035 794 3102 monui.
839 3035 874 3103 si
894 3036 1056 3123 quis-vcro
1072 3061 1128 3126 pro
1156 3033 1181 3102 Ε
1206 3037 1364 3126 scripserit
1382 3052 1488 3106 notam
1507 3038 1569 3104 dis-

188 3146 348 3213 tinctionis
372 3147 458 3213 Svel
480 3149 511 3226 8,
534 3147 608 3214 dein
628 3171 685 3235 per
705 3144 739 3210 Τ
763 3147 956 3214 intellexerit
976 3147 1158 3216 Tm'lualct'oe
1178 3149 1345 3230 Ροιεειαιιὲε,
1364 3174 1416 3216 me
1440 3151 1570 3218 minime

188 3248 403 3316 adversantem
426 3248 563 3316 habebit.
610 3248 852 3338 Dispiciendum
874 3262 929 3328 est,
944 3250 1005 3318 hoc
1027 3252 1138 3340 posito,
1155 3277 1194 3318 an
1217 3275 1283 3319 non
1304 3255 1417 3322 melius
1431 3256 1470 3321 ad
1484 3256 1569 3322 hunc

188 3355 319 3420 modum
333 3355 516 3421 ordinentur
530 3355 726 3422 minuscule:

259 3459 333 3526 Caio
343 3511 350 3525 .
360 3459 479 3527 Valerio
491 3459 698 3528 Diocletiano
710 3511 717 3526 .
729 3459 791 3527 Plo
802 3511 808 3524 .
819 3461 929 3530 Felici.
941 3461 1082 3549 Aequato
1094 3461 1570 3535 .T1itunteoe.Potestaro.No·

188 3591 263 3632 num
273 3565 409 3634 ‚cmi
419 3566 581 3648 Quartum
596 3615 603 3631 .
619 3565 786 3653 Deeipttolo
798 3567 1309 3656 .Quinttcn.Poattflcl.Mo.cimo.
1322 3575 1413 3638 Patri
1422 3573 1569 3640 ‚Parate

190 3673 531 3740 El.Maroo.Aurelio
546 3723 553 3738 .
569 3671 686 3739 Valerio
703 3723 709 3736 .
725 3673 918 3740 Maemiano
934 3723 943 3740 .
958 3673 1020 3740 Pio
1036 3726 1042 3739 .
1058 3676 1153 3742 Felici
1168 3725 1175 3740 .
1189 3677 1329 3762 Aupueto
1345 3677 1569 3746 ‚Tribunictm

190 3783 346 3846 Pacensis
358 3831 365 3843 .
378 3779 545 3868 Seplimm
557 3829 564 3844 .
575 3778 697 3846 Contuli
708 3778 853 3848 fferam
870 3829 879 3848 .
894 3781 1074 3848 Proconsuli
1090 3834 1097 3850 .
1113 3783 1235 3848 Fusius
1245 3833 1251 3847 .
1262 3781 1397 3850 Valerius
1409 3831 1416 3848 .
1426 3781 1571 3850 Coriolan-

188 3889 266 3952 tias.
279 3885 324 3951 Et
335 3885 490 3954 Gotones
502 3935 508 3949 .
518 3885 654 3954 Valerius
664 3937 670 3950 .
681 3885 911 3956 Mneimiocus.
924 3887 1114 3955 Nobt’liseimt'
1124 3888 1283 3956 fictores.

254 3991 457 4058 Manifestum
481 4005 527 4056 est
551 4015 594 4058 ex
617 3991 677 4060 hoc
701 3991 794 4058 titulo
815 3993 861 4058 nil
882 3994 1056 4080 adjumenti
1081 4007 1192 4083 praesto
1210 4018 1275 4062 esse
1299 3995 1338 4063 ad
1357 3993 1570 4062 definiendum

223 4229 230 4262 ⁸
249 4231 309 4279 Vide
326 4229 408 4292 Slglar.
427 4230 524 4278 Roman.
542 4229 658 4280 Gerrardt
677 4245 701 4293 p.
720 4232 758 4280 te.
776 4245 797 4280 c.
811 4231 854 4279 Ed.
938 4227 949 4262 ¹
967 4231 1087 4279 Doctarl.
1100 4231 1131 4279 V.
1144 4231 1189 4280 vol.
1207 4244 1263 4280 vm.
1275 4245 1312 4292 pp.
1326 4231 1381 4279 db.
1396 4233 1432 4278 16.
1444 4233 1467 4279 b.
1479 4233 1518 4282 26.
1533 4247 1568 4294 aq.

192 4317 263 4364 Lond
907 4317 988 4375 ³4.sq.
