4004 5264
158 600 265 648 rusca.
281 577 488 668 ov11.,ov111.]
744 575 965 644 TRALLES.
1510 578 1551 643 81

153 763 397 868 goufferium‘,
415 767 648 841 numerumn
699 767 940 853 Postremum,
958 764 1054 840 inter
1066 761 1318 840 Fellowsiana¹¹
1337 763 1554 864 farraginem

158 889 304 987 qualem
321 897 533 986 exspectare
549 886 603 960 fas
621 897 698 961 erat
714 886 909 984 conspicio,

234 1005 359 1083 CVII.
386 1005 532 1080 Titulus
556 1003 822 1078 dedicationem
840 1015 967 1078 statuae
987 1003 1067 1103 (vel
1083 1002 1276 1101 protomae)
1296 1003 1468 1077 Herculis
1486 1004 1557 1077 ool·

159 1126 257 1227 legio
285 1124 472 1200 fabrorum
499 1122 632 1198 factam
659 1147 681 1196 a
707 1121 819 1220 Papia
852 1121 1010 1218 quodam
1045 1122 1109 1220 qui
1136 1122 1380 1220 emptionibus
1412 1125 1555 1220 (aarum

158 1271 294 1334 rerum,
312 1244 433 1333 credo,
451 1269 533 1342 quse
549 1244 597 1318 ad
613 1257 761 1344 xystum
779 1244 981 1318 ornandum
997 1245 1209 1320 necessarias
1226 1242 1347 1339 erant)
1366 1254 1528 1341 praeerat

233 1367 469 1464 Descriptum
486 1365 598 1438 habui
615 1363 662 1438 de
678 1365 757 1440 basi
783 1389 865 1460 quas
889 1364 929 1438 in
954 1389 1080 1438 museo
1097 1363 1323 1438 Borrelliano
1340 1375 1554 1438 asservatur.

159 1487 431 1590 Mylasensibus
448 1495 668 1571 accensetur,
686 1507 758 1580 qua
774 1481 847 1556 fide
859 1482 1027 1580 judicent
1049 1483 1166 1581 periti.
1219 1481 1330 1558 Certe
1347 1505 1421 1555 non
1439 1483 1558 1555 obstat

159 1610 298 1686 mentio
314 1607 644 1707 Stephanephoriae‚
662 1605 727 1703 qui
753 1605 983 1706 magistratus
999 1605 1038 1678 in
1055 1629 1099 1680 aa
1114 1604 1205 1679 urbe
1230 1602 1444 1688 invaluerat,
1462 1599 1556 1674 sicut

158 1729 198 1804 in
214 1727 346 1805 ceteris
363 1725 528 1825 ejusdem
544 1720 721 1825 regionis.

715 2385 808 2490 ί»
826 2383 898 2492 σίνος
911 2386 1016 2494 utI-³2³·

765 2570 908 2648 CVIII.
935 2595 964 2644 a.

567 2736 1030 2808 ΤΙΒΕΡΙΟΝΚΛΑΥΔΙΟΝ

570 2849 1014 2920 ΚΑΙΣΑΡΑΣΕΒΑΣΤΟΝ

520 2964 546 3031 Γ
548 2962 1170 3034 ΕΡΜΑΝΙΚΟΝΑΠΟΚΡΑΤΟΡΑ

569 3074 1078 3145 ΟΔΗΜΟΣΚΑΘΙΕΡΩΣΕΝ

346 3184 368 3256 5
421 3187 1229 3260 ΑΝΑΘΕΝΤΟΣΕΚΤΩΝΙΔΙΩΝΤΙΒΕΡΙΟΥ

421 3299 750 3370 ΚΛΑΥΔΙΟΥΑΡΤ
752 3301 1236 3373 ΕΜΙΔΩΡΟΥΥΙΟΥΚΥΡΕΙ
1242 3303 1306 3371 ΝΑ

519 3412 1249 3485 ΔΙΟΓΕΝΟΥΣΕΝΤΩΙΤΗΣΓΥΜΝΑΣΙ

668 3527 1010 3598 ΑΡΧΙΑΣΧΡΟΝΩΙ

160 3683 349 3790 Τιβέριον
369 3679 574 3781 Κλαύδιον,
588 3686 780 3792 Καίσαρα,
796 3683 1008 3785 Σεβαστόν,
1024 3682 1268 3793 Γερμανικόν,
1284 3685 1564 3792 Αὐτοκράτορα,

160 3822 342 3920 tortuos-
371 3815 612 3921 καθιέρωσεν,
633 3819 832 3905 ἀναθέντος
863 3822 904 3900 ἐκ
934 3825 1008 3900 τῶν
1039 3819 1141 3900 ἰδίων
1159 3819 1338 3924 Τιβερίου
1359 3820 1563 3918 Κλαυδίου,

158 3945 443 4058 Ἀρτεμιδώρου
469 3949 563 4046 υἱοῦ,
592 3951 768 4059 Κυρείνᾳ,
788 3949 1005 4053 Διογένους,
1025 3951 1066 4030 ἐν
1092 3951 1144 4058 τῷ
1170 3954 1236 4051 τῆς
1265 3951 1564 4057 γυμνασιαρχίαι

798 4078 934 4190 χρόνῳ.

198 4271 211 4312 s
227 4273 311 4351 Voy.
325 4271 393 4350 pitt.
408 4279 430 4329 t
443 4289 463 4329 1.
477 4291 505 4349 p.
520 4275 584 4332 142.
934 4273 948 4310 ¹¹
964 4275 1155 4346 Discovaries,
1169 4283 1223 4336 etc
1240 4295 1268 4354 p·
1277 4277 1324 4340 70.
1338 4281 1421 4337 n.82.

198 4373 307 4432 ¹Itin.
321 4381 395 4429 tm.
408 4389 436 4448 p.
447 4368 495 4437 69.
933 4371 1155 4434 icontssockn
1169 4393 1218 4434 nn.
1230 4373 1318 4442 269³.
1334 4375 1422 4440 2714.

223 4489 355 4539 necte.
371 4489 409 4536 11.
866 4491 891 4535 rt
