3952 5238
463 582 525 644 268
1011 573 1304 644 AUOTARIUM.
1628 579 1749 662 [mssa.
1765 599 1845 643 xmv.
1952 575 1953 640 t

464 765 667 854 Aphrodites,
690 787 723 830 se
742 765 783 830 ad
798 763 977 829 Plarasense
1001 787 1065 828 non
1088 763 1309 840 converterint,
1330 761 1385 828 sed
1409 761 1449 827 ad
1473 762 1633 850 antiquius
1647 763 1771 830 fortasse
1787 765 1846 852 ipsa
1952 781 1953 856 p

465 872 708 960 Aphrodisiade,
724 872 946 960 Tauropolem.
1952 859 1953 908 3

529 979 583 1044 Ex
609 978 816 1068 insigniorum
840 1003 971 1045 numero
993 979 1088 1047 fuisse
1102 981 1371 1068 Aphrodisiadem
1387 993 1516 1068 propter
1537 981 1653 1046 artium
1676 981 1843 1046 liberalium
1952 1045 1953 1068 ,

463 1084 567 1150 studia
581 1085 654 1150 satis
668 1099 864 1173 compertum
878 1085 1030 1152 habemus
1044 1109 1087 1152 ex
1101 1086 1297 1174 scriptorum,
1309 1085 1466 1175 praecipue
1477 1109 1552 1153 vero
1566 1102 1843 1167 monumentorum,

463 1191 665 1270 testimoniis;
687 1193 826 1258 floruisse
848 1183 998 1258 nimirum
1023 1193 1069 1259 ibi
1092 1193 1271 1280 sculptores,
1287 1193 1431 1273 musicos,
1447 1193 1609 1282 sophistas,
1624 1195 1770 1272 rhetores,
1785 1219 1840 1259 me·
1952 1173 1953 1232 i

464 1297 559 1374 dicos,
575 1320 708 1382 quorum
722 1297 863 1363 omnium
878 1296 929 1362 vel
949 1297 1077 1363 nomina
1090 1297 1299 1385 conspicimus
1313 1297 1366 1362 vel
1387 1296 1506 1364 indicia
1527 1297 1563 1362 in
1586 1297 1687 1364 titulis
1711 1299 1841 1366 indidem

463 1401 626 1490 congestis.
670 1401 940 1489 Asclepiodotum,
955 1400 1056 1466 filium
1071 1399 1218 1480 civitatis,
1233 1400 1485 1481 memoravimus,
1500 1401 1556 1488 qui
1573 1401 1776 1489 peritissimus
1789 1403 1840 1468 fist

464 1532 563 1592 quum
583 1507 789 1596 philosophiae
804 1520 873 1572 tum
887 1507 1001 1570 artium
1016 1505 1149 1572 musices
1164 1520 1196 1571 et
1210 1505 1384 1572 medicina.
1428 1506 1530 1572 Erant
1544 1531 1670 1593 quoquc
1687 1508 1839 1586 Chaereas,

465 1613 689 1690 Charidemus',
710 1612 940 1702 Lysimachusss,
966 1611 1082 1689 zelus,
1109 1611 1276 1700 sophistam
1303 1612 1452 1692 rhetores,
1475 1599 1712 1702 Athenagcrad,
1739 1611 1839 1680 suso-

464 1720 581 1807 phiusk,
612 1719 747 1786 Ctesias.
807 1718 1011 1784 Charitonem
1045 1719 1203 1784 medicum
1235 1719 1377 1807 agnoscit
1403 1719 1574 1786 Galenusm.
1633 1720 1780 1788 Pervenit
1805 1720 1838 1783 ad

462 1847 599 1892 nostram
625 1843 748 1894 aetatem
772 1851 850 1916 opus
875 1826 1060 1892 amatorium
1084 1825 1211 1892 alterius
1227 1825 1406 1892 charitonis
1429 1849 1524 1912 quem
1545 1827 1618 1913 jure
1641 1828 1782 1915 opinatus
1798 1839 1838 1891 est

465 1935 652 2001 Dorvillius¹¹
668 1935 761 2001 fuisse
776 1931 1057 2022 Aphrodisiensem
1072 1931 1182 1996 Cariae.
1226 1931 1462 2020 Argumentum
1484 1931 1558 1997 satis
1580 1931 1722 1998 validum
1744 1947 1836 2020 peten-

464 2042 540 2106 dum
556 2056 603 2108 est
617 2042 668 2107 vel
682 2065 723 2108 ex
739 2040 815 2128 ipsis
838 2038 1018 2104 nominibus
1039 2061 1108 2123 quas
1128 2037 1234 2103 omnia
1247 2035 1549 2126 Aphrodisiensibus
1572 2053 1662 2103 erant
1682 2037 1835 2104 notissima.

464 2150 503 2212 In
526 2149 635 2236 primis
651 2145 830 2214 Charitonis
850 2143 966 2210 medici
985 2167 1111 2222 nomen,
1135 2144 1276 2230 ejusdem
1302 2143 1429 2210 fortasse
1451 2167 1524 2211 cum
1540 2143 1724 2222 Galeniano,
1747 2145 1835 2209 locum

462 2257 558 2320 habet
571 2253 606 2320 in
619 2253 712 2319 titulo
727 2275 770 2317 ex
784 2249 896 2314 nostris
910 2247 1166 2336 sepulcralibus⁰:
1189 2248 1264 2313 dein
1277 2247 1513 2337 Athenagoras,
1526 2250 1615 2336 cujus
1637 2249 1704 2337 ipse
1719 2247 1835 2314 eroticus

461 2360 524 2424 fuit
538 2357 733 2425 amanuensis
743 2359 1004 2443 <samosatam
1019 2377 1077 2418 nec
1087 2352 1226 2419 Chaereae
1237 2353 1403 2432 omiserim,
1415 2353 1500 2440 quod
1511 2354 1544 2418 in
1556 2355 1659 2442 operis
1670 2367 1835 2444 argumento

463 2467 620 2556 praelucet.
665 2463 818 2529 Referunt
832 2460 938 2526 omnia
951 2459 1118 2526 sacrarium
1134 2459 1339 2547 Aphrodites.

975 2695 1346 2732 ὶὶὶῢῦὶῦ

531 2898 616 2963 Situs
630 2897 697 2984 ipse
713 2896 831 2961 Caricae
847 2893 982 2959 civitatis
997 2891 1122 2981 egregie
1138 2890 1177 2955 ad
1191 2912 1265 2955 usus
1279 2889 1429 2956 militares
1443 2903 1640 2978 comparatus
1654 2908 1709 2958 est.
1758 2895 1832 2959 Jacet

465 3007 505 3070 ad
528 3005 608 3070 latus
631 3003 789 3069 sinistrum
804 3002 894 3068 vallis
918 3000 1062 3089 Mossyni
1087 3023 1143 3088 per
1169 3022 1263 3084 quam
1286 2997 1347 3064 iter
1368 3011 1435 3064 erat
1456 3023 1475 3064 a
1499 2998 1604 3087 Lydia
1626 3001 1768 3066 euntibus
1786 3021 1832 3086 per

466 3111 591 3176 Cariam
617 3109 656 3174 ad
680 3107 820 3196 Lyciam,
845 3104 1077 3193 Pamphyliam,
1101 3101 1263 3168 Pisidiam.
1317 3103 1455 3169 Proinde
1478 3119 1681 3170 memoratam
1704 3131 1721 3170 a
1744 3105 1831 3170 Livio¹

465 3214 643 3281 invenimus
666 3213 748 3278 inter
768 3211 886 3300 oppida
900 3235 969 3296 quae
984 3208 1197 3298 expugnanda
1211 3221 1374 3273 curaverat
1388 3207 1567 3275 Antiochus
1583 3210 1725 3300 Magnus,
1740 3208 1831 3300 procul

465 3323 563 3388 dubio
581 3336 618 3386 ut
631 3321 715 3384 viam
734 3319 865 3384 haberet
883 3317 1030 3382 tutiorem
1046 3315 1086 3381 ad
1100 3314 1277 3403 provincias
1292 3315 1447 3381 australes.
1478 3315 1568 3381 Idem
1584 3317 1687 3383 adhuc
1701 3329 1831 3383 testantur

464 3427 580 3492 moenia
599 3451 617 3492 a
633 3425 827 3490 Constantio¹
841 3425 965 3490 firmata
987 3423 1027 3487 sd
1049 3423 1234 3511 premendos
1249 3421 1384 3510 impetus
1399 3422 1587 3486 Parthorum
1604 3424 1657 3509 qui
1674 3420 1830 3512 regionibus

466 3535 557 3618 Asia
572 3532 773 3598 occidentalis
792 3531 1012 3609 imminebant,
1029 3555 1097 3616 quae
1117 3544 1149 3595 et
1167 3529 1377 3618 postmodum,
1399 3529 1529 3594 florente
1545 3531 1706 3618 Ampelio,
1722 3545 1830 3618 patrono

497 3817 507 3840 θ
524 3809 583 3856 Vide
593 3805 682 3855 Biiekh.
693 3807 718 3854 C.
730 3806 747 3851 Ι.
760 3807 804 3852 voh
813 3821 839 3852 ιι.
852 3821 873 3866 p.
883 3809 937 3854 524.
947 3821 969 3852 n.
979 3809 1048 3854 ²798.
1218 3813 1229 3838 ¹¹
1247 3807 1295 3853 Ubi
1307 3821 1368 3866 supr.

499 3893 507 3926 ί
523 3895 582 3942 Ibid.
593 3907 615 3952 p.
626 3895 681 3939 528.
693 3906 716 3937 u
725 3893 795 3938 2812.
1216 3900 1228 3923 ⁰
1244 3890 1386 3940 sternuat
1398 3905 1446 3951 sup
1458 3906 1481 3937 n.
1492 3894 1563 3939 2846.
1576 3899 1645 3938 roan.
1655 3903 1756 3940 sxxxtu.

496 3987 508 4021 Ι
526 3979 584 4027 Ibtd.
596 3993 617 4037 p.
628 3979 682 4024 519.
694 3978 794 4024 attat.
1215 3985 1228 4018 Ρ
1245 3975 1335 4024 ΒὸοΙιΙι.
1348 3991 1386 4023 nn.
1405 3978 1476 4025 2748.
1489 3979 1559 4026 2782.
1574 3979 1644 4026 2788.
1657 3985 1723 4026 nostr.
1735 3985 1809 4022 txvltt.

498 4063 508 4096 ¹²
526 4064 584 4111 ibid.
597 4061 771 4109 cnstanter
782 4066 851 4108 nostr.
860 4073 949 4107 mxi.
1217 4070 1228 4103 t
1246 4063 1293 4109 Ubi
1311 4075 1372 4122 supr.
1407 4061 1529 4125 Χαρίτων
1547 4059 1725 4126 Ἀφροδισιιῦς,
1736 4059 1828 4116 Ἀθηνα-

501 4147 655 4198 ’Όιιιι-ἰωὶιι
666 4161 702 4206 op.
716 4145 767 4192 init.
1184 4145 1263 4211 γὸρου
1275 4149 1320 4195 τοῦ
1331 4142 1443 4208 ῥήτορος
1454 4144 1628 4210 ὑπογραφεύς,
1642 4149 1721 4196 αλ.

497 4230 508 4264 ¹
526 4229 623 4278 Dorvill.
635 4230 660 4276 in
669 4229 756 4278 charit
768 4233 824 4275 tom.
834 4241 860 4274 ιι.
870 4228 920 4275 init
1217 4238 1225 4263 ¹
1246 4231 1306 4278 Vide
1317 4245 1420 4278 xxxvrr.
1433 4233 1472 4279 21.

498 4315 503 4347 ¹
526 4314 648 4364 nsokun.
659 4317 808 4364 statuam.
819 4327 879 4360 nvn.
1217 4317 1310 4364 'cont
1334 4317 1379 4363 titt.
1405 4315 1494 4364 Bdokh.
1519 4319 1589 4364 tm.
1614 4321 1685 4368 stas.
1704 4325 1764 4366 nasu.
1781 4325 1826 4360 nt·-

497 4409 515 4434 ¹¹¹
526 4403 590 4449 Tum
599 4413 625 4447 ιι
638 4415 659 4460 p.
668 4403 722 4448 451.
734 4401 795 4464 ssepi
808 4396 962 4449 dvrtddrav.
1187 4415 1255 4448 xum.
