3952 5238
1004 557 1295 628 AUCTARlUM.
1536 613 1538 619 .
1647 566 1835 654 [ruscucxr.

1117 853 1227 919 CXV.

520 1001 549 1062 2.
575 999 790 1086 Αὐτοκράτωρ.
802 1007 808 1016 ’
836 995 914 1076 Quis
928 994 1023 1060 fuerit
1037 994 1256 1060 dubitandum.
1301 993 1449 1084 Cogitavi
1462 995 1616 1085 inprimis
1631 1001 1671 1066 de
1683 1003 1783 1068 Probo
1796 1027 1831 1068 ex

455 1102 595 1192 vestigiis
609 1101 643 1166 in
658 1125 710 1167 vv.
732 1103 760 1166 3.
785 1103 834 1168 19.
854 1102 905 1166 20.
925 1123 998 1165 nam
1019 1100 1145 1165 colonos
1170 1099 1266 1164 Italos
1290 1099 1382 1166 furuae
1397 1101 1431 1165 in
1446 1102 1667 1192 Pamphyliam
1683 1107 1830 1184 deductos,

455 1211 628 1297 imperante
646 1209 761 1288 Prob0‚
778 1207 926 1274 discimus
941 1232 983 1273 ex
998 1207 1184 1274 historicisl:
1207 1206 1261 1272 sed
1285 1208 1346 1274 hoc
1371 1209 1463 1274 omisi
1485 1225 1613 1298 propter
1638 1236 1752 1279 nomen
1766 1215 1830 1278 Flu·

455 1316 544 1380 m'umi
557 1315 730 1382 luculenter
744 1315 778 1380 in
794 1315 896 1394 titulo,
908 1339 960 1380 vv.
974 1318 1002 1378 2.
1016 1317 1055 1392 8.,
1065 1331 1200 1392 exstans,
1212 1313 1297 1401 quod
1309 1314 1413 1380 Probo
1428 1315 1532 1381 minus
1541 1317 1697 1384 convenit.
1720 1320 1832 1386 Deinde

456 1423 655 1488 succurrebat
670 1423 747 1500 Leo,
761 1422 847 1488 idem
866 1446 980 1510 nempe
1002 1423 1057 1508 qui
1081 1423 1115 1488 in
1140 1423 1292 1489 Sardiano
1303 1443 1375 1488 vm.
1391 1423 1503 1511 prioris
1525 1424 1624 1492 libelli
1646 1445 1830 1502 memoratur,

455 1542 487 1593 et
501 1527 575 1593 huic
590 1527 694 1594 favere
708 1543 785 1616 puto
800 1528 965 1594 simulacra
979 1553 1049 1614 quae
1063 1528 1097 1593 in
1112 1553 1265 1595 marmore
1280 1530 1480 1617 apparebant,
1495 1529 1529 1595 in
1545 1556 1575 1596 v.
1595 1535 1625 1597 2.
1638 1535 1667 1598 8.
1717 1533 1755 1598 In
1769 1559 1795 1598 v.
1808 1537 1830 1596 1.

455 1634 523 1700 init.
546 1634 670 1700 haereo:
706 1649 772 1700 erat
800 1635 926 1701 fortasse
956 1636 1108 1701 rhetorum
1137 1635 1255 1702 mentio
1283 1636 1386 1713 facta3
1418 1636 1472 1701 sed
1498 1637 1538 1702 de
1567 1638 1766 1724 sequentibus
1788 1645 1828 1706 κοὶ

456 1748 616 1829 οἰκήτορες
630 1741 735 1807 nullus
750 1741 870 1806 dubito.
916 1741 955 1806 In
970 1765 1002 1805 v.
1018 1742 1047 1806 8.
1062 1741 1272 1830 conspicimus
1286 1741 1412 1807 fortasse
1427 1747 1561 1829 ἐφόρων,
1577 1741 1638 1808 hoc
1652 1759 1707 1819 est,
1728 1743 1829 1831 magis-

456 1862 602 1923 tratuum,
619 1847 808 1935 ephororum,
825 1847 910 1933 quod
925 1847 1005 1913 bene
1013 1848 1160 1935 congruit
1171 1847 1292 1913 traditis
1304 1873 1322 1914 a
1333 1848 1485 1914 Strabone
1500 1848 1539 1914 de
1553 1849 1700 1937 gentibus
1712 1849 1829 1915 Cherso

454 1977 563 2018 nesum
573 1953 738 2018 australem
753 1951 835 2017 Asiae
851 1951 980 2017 minoris
994 1952 1216 2018 habitantibus.
1261 1951 1384 2040 Nempe
1396 1951 1545 2018 Doricam
1561 1955 1735 2042 prosapiam
1749 1979 1827 2019 voca·

454 2059 564 2123 bulum
590 2057 691 2122 rescrt.
737 2056 775 2121 ln
790 2080 823 2120 v.
837 2059 865 2122 9.
881 2055 921 2121 ad
937 2055 1150 2144 Byzantinum
1170 2055 1262 2142 plane
1277 2055 1461 2133 accedimus,
1482 2058 1712 2143 γοληνότητος,
1731 2059 1827 2124 soori-

453 2169 520 2228 trus
534 2178 643 2240 acero,
657 2187 750 2249 quam
763 2163 1010 2251 designationem
1022 2163 1164 2227 saetosam
1177 2163 1399 2249 imperatorum
1411 2163 1484 2227 satis
1496 2186 1514 2226 a
1524 2161 1670 2228 Suioero¹
1680 2179 1826 2230 tractatam

339 2358 341 2362 .
453 2270 611 2358 reperient
631 2269 778 2356 legentes.
824 2268 863 2332 In
886 2269 985 2331 v.11.
1014 2265 1201 2351 θεοπίζομεν
1223 2266 1378 2342 verterim,
1400 2269 1529 2332 mictum
1541 2268 1686 2354 sacimas,
1706 2294 1774 2334 nam
1793 2268 1825 2330 de

456 2376 577 2440 edendo
594 2375 718 2440 oraculo
734 2373 825 2459 quale
840 2373 925 2461 apud
937 2371 1089 2458 antiquos¹
1109 2371 1244 2437 invaluit
1262 2371 1368 2437 nullus
1390 2371 1443 2438 hic
1463 2397 1563 2439 senno
1584 2389 1639 2440 est.
1683 2375 1722 2440 In
1740 2401 1768 2439 v.
1784 2377 1824 2438 12.

457 2479 743 2568 Irenopolitarum¹¹¹
769 2479 945 2545 luculenter
970 2479 1115 2544 meminit
1140 2479 1258 2556 titulus,
1281 2493 1314 2544 et
1338 2479 1465 2546 fortasse
1484 2481 1518 2545 in
1533 2505 1571 2548 ea
1584 2482 1712 2548 civitate
1727 2481 1824 2572 ephori

453 2609 583 2651 munere
598 2585 724 2650 functus
748 2597 814 2650 erat
839 2583 1055 2661 Mithradates,
1071 2585 1161 2670 cujus
1184 2584 1303 2649 mentio
1327 2584 1365 2650 fit
1386 2585 1420 2650 in
1435 2611 1464 2651 v.
1481 2588 1532 2652 13.
1576 2589 1615 2653 In
1630 2613 1661 2654 v.
1675 2591 1723 2656 14.
1740 2602 1827 2652 vertas

452 2699 550 2760 τινῶν
565 2687 741 2770 abdemium
757 2693 947 2776 qimandam
960 2693 1182 2767 auctoritatem
1204 2714 1276 2754 nam
1286 2707 1376 2756 vetus
1391 2691 1578 2780 significatio
1592 2693 1778 2760 homicidium
1790 2716 1825 2758 ex

454 2821 595 2864 sermone
611 2797 792 2862 Graecorum
808 2795 928 2860 dudum
944 2794 1134 2860 exoleverat.
1179 2794 1218 2858 In
1236 2794 1285 2859 15.
1309 2793 1673 2885 ἆὶοἱωτπροχειρίζεοθε
1689 2823 1743 2886 pro
1760 2827 1825 2885 προ·

455 2902 656 2992 χαρίζεσθαι,
679 2931 692 2968 ε
712 2925 769 2989 pro
784 2931 825 2978 m,
841 2900 921 2964 utin
939 2899 1090 2966 Sardiano
1109 2899 1265 2964 consimili
1281 2923 1374 2988 supra
1385 2900 1487 2966 allato.
1533 2903 1659 2982 Vertas,
1682 2907 1713 2968 io
1732 2926 1826 2968 mom

452 3013 580 3090 tradere,
595 3009 647 3074 vel
669 3008 763 3073 etiam
779 3009 958 3078 mastdarm,
974 3007 1090 3092 elicere,
1106 3023 1142 3070 ut
1156 3004 1189 3069 in
1200 3004 1280 3071 Teio
1294 3005 1459 3087 Boethio,
1475 3021 1507 3073 et
1521 3007 1753 3100 Philostorgio⁰.
1793 3009 1825 3072 ln

453 3141 486 3182 v.
505 3119 553 3181 18.
575 3114 695 3180 restitui
710 3114 897 3183 Σελευκέων.
942 3113 1087 3180 Poteram
1110 3127 1143 3178 et
1159 3117 1340 3200 Κορυκέων.
1379 3113 1439 3179 De
1456 3113 1584 3202 reliquis
1605 3135 1699 3182 nemo
1718 3115 1825 3199 conjec-

455 3237 555 3287 turam
577 3220 705 3287 fecerit:
728 3221 793 3285 sola
814 3243 883 3306 quae
901 3219 991 3308 potui
1010 3243 1139 3285 exarare
1158 3232 1247 3284 erant
1267 3223 1342 3287 κατὰ
1370 3230 1460 3309 χεῖρο
1480 3220 1646 3300 imoimo,
1669 3237 1700 3287 at
1719 3243 1824 3286 nexum

453 3326 591 3393 stabilire
605 3349 737 3412 nequeo.
781 3327 912 3392 Habent
920 3325 1133 3392 Alexandrini
1148 3330 1173 3394 ri
1187 3330 1230 3412 μὴ
1244 3328 1405 3416 πορεύεται
1422 3330 1495 3396 κατὰ
1513 3332 1603 3416 χεῖρά
1618 3359 1689 3406 σου,
1708 3329 1763 3394 hoc
1776 3341 1823 3400 est,

454 3437 615 3500 minorem
636 3459 739 3520 perere
761 3447 871 3500 remor
898 3435 972 3512 itte
998 3435 1053 3500 sed
1078 3434 1112 3499 in
1137 3433 1207 3500 loco
1232 3446 1337 3499 nostro
1362 3434 1488 3499 sortasse
1514 3435 1654 3513 verteris,
1673 3461 1732 3524 pso
1756 3433 1825 3496 cirili

450 3552 563 3628 parter.

520 3647 559 3711 In
579 3645 796 3712 concinnando
814 3647 875 3710 hoc
895 3645 987 3711 titulo
1009 3644 1216 3734 fragminibus
1242 3643 1360 3730 aliquot
1379 3668 1448 3731 quae
1474 3644 1676 3712 circumcirca
1693 3647 1823 3732 jacebant

486 3835 498 3868 ¹¹
515 3837 606 3897 vopisc.
620 3836 682 3884 Hist.
695 3835 794 3897 sugam
806 3851 829 3897 p
839 3839 894 3884 233.
911 3836 995 3884 zosim.
1002 3849 1019 3882 1.
1031 3849 1053 3896 p
1064 3839 1103 3884 52.
1204 3845 1221 3871 ¹¹¹
1232 3841 1268 3888 Do
1276 3841 1320 3888 hac
1328 3842 1383 3888 urbe
1394 3842 1447 3888 vide
1454 3841 1549 3889 Eckhel.
1559 3855 1597 3890 m.
1608 3858 1630 3904 p
1640 3847 1679 3893 57.
1693 3861 1721 3894 ss.

487 3920 493 3953 ¹
512 3923 547 3969 De
557 3923 600 3968 hoc
610 3921 754 3982 pronomine,
767 3935 799 3972 ex
806 3921 895 3968 familia
903 3921 982 3970 Chlori
993 3923 1119 3980 desumpto,
1205 3929 1215 3954 ¹¹
1232 3923 1284 3970 Vol
1294 3937 1321 3970 n.
1330 3939 1353 3983 p.
1357 3909 1417 3972 1131.
1430 3939 1453 3972 n.
1463 3927 1533 3973 3045.
1542 3929 1564 3975 5.
1583 3927 1649 3977 eant
1658 3937 1683 3977 et
1693 3931 1757 3978 atti.
1768 3931 1788 3976 5.

453 4009 506 4056 side
524 4007 619 4054 Fckhel.
640 4005 686 4054 vol.
701 4017 758 4054 vrri.
779 4020 802 4065 p.
815 4009 869 4054 500.
888 4007 927 4066 qui
949 4007 1051 4067 sequitur
1070 4007 1120 4053 Du·
1203 4013 1214 4038 ⁰
1231 4007 1292 4054 liccl.
1304 4009 1364 4056 Hiar.
1377 4022 1415 4056 111.
1425 4011 1456 4056 28
1476 4023 1498 4068 p
1509 4013 1563 4058 432.

453 4093 569 4154 eangium.
1203 4099 1216 4132 Ρ
1232 4093 1355 4153 Nimimm,
1367 4100 1394 4141 ut
1405 4096 1467 4154 apud
1476 4095 1572 4144 latinns
1582 4097 1635 4157 ota,
1647 4101 1722 4157 mon,
1729 4104 1821 4160 potam-

486 4175 625 4223 l'l'lresaur
638 4175 722 4222 Facies
733 4185 749 4220 1.
762 4188 783 4233 p.
795 4173 848 4220 723.
1170 4183 1221 4234 tem,
1232 4177 1352 4238 aliquoties
1361 4179 1577 4240 signiflmmanu.
1613 4182 1658 4232 Sed
1669 4185 1748 4232 noloio
1759 4195 1822 4242 appt-

486 4259 773 4312 'Eme-limosum.
788 4259 840 4304 135.
1171 4267 1281 4309 ratumm
1291 4263 1465 4324 jejunotricari.
