3972 5240
502 569 563 634 178
913 562 1264 630 INSCRIPTIONES
1287 562 1478 630 GRAECAE.
1528 566 1648 646 [meaa.
1661 585 1754 630 xvni.
1768 583 1855 630 risen.

500 758 866 831 ΛΟΤΡΙΩΝΑΙΟΥΔ
888 810 905 824 .
922 810 940 824 .
957 811 974 825 .
994 811 1011 824 .
1033 755 1360 827 ΡΑΦΜΝΕΙΚΟΥΖ
1377 809 1395 824 .
1415 809 1432 824 .
1452 811 1469 824 .
1489 751 1588 848 quod
1609 752 1723 848 possis
1739 752 1853 826 reficere

501 906 549 954 ex
579 876 857 977 Aphrodisienai
884 877 978 951 inter
1006 875 1240 970 Bdckhiana',
1269 866 1354 949 οὐδὲ
1381 867 1684 976 ἐξαλλοτριῶσαι
1714 869 1789 950 οὐδὲ
1806 865 1855 967 τὴν

502 991 716 1103 ἐπιγραφὴν
735 990 906 1101 ἐκκόψω,
924 1015 965 1075 ut
991 1001 1079 1074 feeit
1096 1003 1153 1074 vir
1170 1001 1299 1075 doetus
1322 1001 1407 1099 ipae.
1459 1003 1690 1099 Farraginem
1715 1003 1854 1098 reliquam

501 1121 713 1195 Prokeschii
735 1121 946 1192 intentatam
968 1119 1075 1210 misit,
1094 1143 1161 1192 nec
1183 1119 1371 1192 immerito,
1423 1121 1658 1218 Attingamus
1676 1137 1792 1195 nostra
1823 1121 1853 1190 ln

501 1252 660 1322 ΥΠΟΚΡ
674 1304 691 1318 .
708 1303 726 1318 .
743 1303 760 1318 .
780 1270 812 1317 v.
828 1247 861 1316 5.
881 1245 948 1316 sub
965 1243 1023 1315 fin.
1043 1243 1222 1317 delitescit
1237 1243 1387 1318 forense
1406 1235 1625 1318 indecentiae
1638 1247 1695 1319 vel
1715 1239 1852 1318 ὑποκείσ-

503 1397 580 1443 εται
613 1369 771 1469 (nempe,
798 1363 844 1466 τῇ
877 1361 951 1441 τῶν
981 1363 1242 1464 Θυατειρηνῶν
1272 1365 1401 1468 Βουλῇ
1432 1363 1492 1443 καὶ
1523 1365 1574 1470 τῴ
1601 1363 1745 1471 Δήμιρ),
1773 1385 1804 1442 ut
1827 1370 1852 1438 in

502 1486 731 1562 Pocookiano
758 1510 867 1581 quem
895 1483 1011 1557 edidit
1029 1484 1198 1571 Bnekhf,
1217 1499 1254 1558 et
1270 1487 1309 1558 in
1324 1493 1359 1560 Τ
1372 1545 1390 1560 .
1408 1508 1425 1560 ·.
1442 1547 1460 1560 .
1475 1495 1850 1563 manumittunt

503 1638 583 1710 quae
599 1623 771 1710 praeeunt,
791 1600 855 1683 ἐὰν
873 1601 918 1680 δέ
933 1636 987 1686 τις
1005 1600 1165 1708 διασύρῃ
1186 1601 1313 1704 αὑτήν,
1337 1637 1384 1684 sc.
1407 1602 1537 1710 σορόν.
1582 1617 1743 1712 Reliqua,
1755 1629 1853 1714 prater

502 1733 680 1818 ultimum,
697 1731 810 1830 magis
827 1743 960 1828 patent.

576 1855 861 1934 Constituendua
874 1855 1002 1929 titulus
1019 1855 1094 1928 fere
1109 1856 1264 1930 adhunc
1278 1857 1441 1930 modum:
1461 1848 1509 1930 ‘O
1522 1855 1623 1932 δεῖνα
1635 1849 1852 1935 κατεσκεύασε

502 1971 569 2074 τὴν
588 1972 707 2078 σορὸν
727 1977 842 2081 ἐαυτῷ
861 1973 921 2080 ἐφ’
942 1965 971 2080 ᾧ
990 1976 1078 2080 τεθῇ
1099 1976 1159 2052 καὶ
1179 1975 1224 2078 τῇ
1245 1976 1376 2054 ἑαυτοῦ
1395 1977 1553 2077 γυναικί,
1574 1978 1686 2086 ἐτέρερ
1706 1977 1743 2058 δέ
1760 1977 1851 2057 οὐδενὶ

502 2098 652 2205 ἐξέσται
683 2100 802 2180 θεῖναί
824 2134 918 2195 τινα,
946 2094 1031 2177 οὐδέ
1057 2096 1371 2203 ἐξαλλοτριῶσαι,
1393 2098 1478 2179 οὐδὲ
1508 2097 1576 2200 τὴν
1596 2100 1795 2210 ἐπιγραφὴν
1810 2103 1849 2178 ἐκ·

501 2222 628 2332 κόψαι·
655 2230 685 2304 εἰ
706 2226 750 2304 δέ
765 2259 820 2309 τις
837 2222 1005 2304 ἐναντίον
1023 2221 1165 2328 ποιήσῃ
1185 2223 1213 2322 ἥ
1228 2259 1263 2302 τι
1282 2223 1383 2328 παρὰ
1404 2233 1532 2324 ταῦτα,
1552 2227 1699 2330 γένοιτο
1721 2235 1764 2312 εἰς
1780 2229 1849 2330 τοφ-

502 2348 611 2434 όντας
642 2351 702 2429 καὶ
726 2344 875 2453 νεκροὺς
902 2351 942 2427 ἐκ
969 2351 1063 2426 θεῶν
1088 2350 1162 2428 τῶν
1187 2349 1430 2448 ἀπολομένων
1449 2351 1542 2432 κακὰ
1566 2361 1736 2450 παντοῖα,
1761 2355 1809 2431 καὶ
1831 2347 1854 2425 εἴ

502 2511 556 2560 τις
587 2472 747 2580 διασύρῃ
778 2469 893 2572 αὐτὴν
913 2473 1148 2552 ὑποκείσεται
1172 2474 1218 2578 τῇ
1237 2475 1311 2552 τῶν
1330 2478 1592 2580 θυατειρηνῶν
1611 2483 1737 2585 Βουλῇ
1755 2479 1803 2556 καὶ
1818 2473 1854 2577 τῷ

502 2598 619 2705 Δήμῳ
639 2596 794 2703 δηνάρια
824 2591 915 2705 βφῖ
974 2594 1120 2698 Ταύτης
1140 2601 1205 2696 τῆς
1225 2599 1433 2706 ἐπιγραφῆς
1464 2603 1697 2710 ἀπέγραφον
1716 2603 1804 2700 ἐτέθη
1819 2603 1854 2678 eit

502 2722 544 2804 τὸ
565 2726 726 2827 ἀρχεῖον.
783 2721 956 2825 Ἐγένετο
977 2725 1016 2801 ἐν
1035 2724 1080 2826 τῇ
1099 2719 1210 2802 πόλει
1229 2727 1489 2827 θυατειρηνῶν
1508 2727 1750 2834 λαμπροτάτη
1765 2719 1853 2826 μηνὸς

501 2853 688 2951 Τραϊανοῦ
707 2883 740 2928 κ.
754 2885 787 2930 τ.
804 2850 855 2928 ἐτ.
908 2855 1071 2928 Titulum
1092 2857 1219 2952 opinor
1245 2855 1354 2931 fuisse
1372 2861 1485 2932 aetatis
1504 2861 1682 2936 Hadiiani
1700 2861 1753 2936 vel
1768 2861 1853 2931 Ante

502 2997 678 3047 mnorum.

543 3175 555 3206 '
571 3174 677 3232 Lamm
693 3191 719 3248 p.
728 3175 795 3232 540.
806 3191 835 3228 n.
845 3174 930 3231 2831.
946 3173 972 3229 8.
1263 3179 1282 3207 w
1292 3175 1360 3252 Pag.
1376 3177 1441 3234 842.
1456 3197 1483 3234 n.
1495 3181 1579 3238 3512.
