3992 5240
445 577 506 640 158
851 575 900 640 IN
903 573 1203 641 SCRIPTIONES
1226 574 1418 642 GRAECAE.
1582 579 1701 667 [insen.
1718 599 1830 644 cmv.

446 813 610 828 ·····
633 799 677 846 ον
697 769 752 851 δὶς
771 801 838 846 του
852 771 918 846 Μο
938 811 954 828 ·
975 813 991 827 ·
1013 815 1029 828 -
1051 813 1068 828 ·
1090 813 1106 828 -
1128 815 1142 830 ·
1166 805 1186 848 ν
1206 813 1222 829 ·
1244 813 1260 828 ·
1281 769 1400 874 ἄνδρα
1416 771 1592 886 ἐπιφανῆ,
1614 768 1828 876 βουλαρχή-

444 935 578 997 σαντα,
593 897 924 1003 στρατηγήσαντα,
951 897 1064 982 δόντα
1083 899 1176 1006 ὑπὲρ
1203 901 1454 1006 ἀγορανομίας
1469 900 1626 1008 δηνάρια
1643 904 1758 1008 μυρία
1772 905 1828 982 καὶ

445 1031 537 1136 ὑπὲρ
570 1031 718 1139 πέψεως
747 1033 893 1136 ἡμερῶν
925 1028 964 1112 ιε’
1003 1031 1159 1139 δηνάρια
1191 1034 1493 1139 πεντακισχίλια,
1526 1033 1829 1140 ίππαρχήσαντα,

445 1159 719 1262 σιτωνήσαντα,
748 1161 1169 1268 πανηγυριαρχῆσαντα,
1193 1161 1525 1272 νομοφυλάξαντα,
1546 1162 1660 1246 δόντα
1689 1170 1740 1252 είς
1766 1163 1831 1266 τὴν

445 1289 677 1395 κατασκευὴν
696 1301 763 1375 τοῦ
781 1295 1019 1397 προπυλαίου
1034 1290 1098 1394 τὴς
1110 1299 1314 1394 βασιλικῆς
1330 1294 1421 1400 ὑπὲρ
1434 1293 1712 1400 ἀρχιερωσύνης
1723 1299 1828 1396 δηνα-

445 1428 534 1532 ρίων
552 1421 731 1529 μυριάδας
749 1423 873 1516 πέντε,
892 1422 1149 1529 πληρώσαντα
1169 1421 1284 1502 δὲκαὶ
1308 1419 1350 1504 τὸ
1369 1423 1567 1528 ἱερώτατον
1579 1431 1731 1525 ταμεῖον
1746 1423 1828 1529 παρ’

446 1560 587 1639 ἑαυτοῦ·
648 1556 819 1660 Αὐρηλία
839 1561 1027 1636 Συλλεῖνα
1056 1553 1205 1660 Ἀρείου
1236 1553 1417 1636 Ἀντωνία
1450 1553 1517 1637 τὸν
1546 1559 1676 1658 ἑαυτῆς
1704 1557 1829 1661 ἄνδρα,

535 1687 629 1770 κατὰ
648 1686 695 1770 τὰ
708 1687 954 1796 ψηφισθέντα
974 1689 1045 1766 ὑπο
1065 1691 1130 1786 τῆς
1151 1685 1348 1791 ἱερωτάτης
1360 1691 1508 1788 Βουλῆς
1528 1687 1755 1796 (ἐτίμησεν).

522 1901 667 1974 Titulus
685 1925 733 1972 ex
746 1899 938 1972 laudativis
952 1899 1060 1994 juxta
1077 1897 1263 1972 decretum
1283 1899 1445 1974 Senatus.
1488 1901 1652 1975 Antonia
1669 1903 1827 1999 quasdam

445 2024 563 2096 virum
581 2047 685 2094 suum
704 2019 840 2093 honore
858 2034 1079 2118 prosequuta
1096 2033 1160 2115 est,
1178 2023 1282 2118 eujus
1307 2023 1436 2096 merita
1458 2047 1543 2121 erga
1560 2025 1711 2121 patriam
1728 2027 1828 2124 insig-

444 2144 504 2215 nia
519 2153 761 2228 recensentur,
779 2142 942 2238 pecuniis
958 2167 1088 2240 nempe
1106 2144 1260 2240 erogatis
1277 2169 1344 2240 pro
1361 2169 1510 2217 munere
1534 2148 1750 2244 agorauomi,
1769 2172 1829 2245 pro

442 2293 534 2365 pane
552 2265 752 2364 coquendo
767 2267 805 2338 in
820 2265 992 2338 struendo
1009 2265 1193 2363 propylaeo
1210 2265 1366 2337 basiliere
1382 2289 1449 2361 pro
1466 2290 1606 2338 summo
1624 2267 1828 2352 sacerdotio,

443 2389 599 2482 denique
629 2387 667 2457 in
698 2385 822 2456 aerario
849 2383 1113 2480 locupletando
1184 2385 1451 2456 Enumerantur
1475 2409 1584 2481 porro
1606 2386 1828 2484 magistratus

443 2534 534 2605 quos
551 2518 720 2606 gesserat,
737 2505 934 2592 bularchia,
952 2507 1128 2604 strategia,
1146 2505 1367 2603 hipparchus,
1394 2508 1533 2579 curatio
1550 2531 1712 2596 annonae,
1730 2533 1828 2606 pane·

443 2628 653 2727 gyriarohia‚
672 2626 954 2724 nomophylaoia.

519 2747 703 2843 Descripsi
729 2745 774 2818 de
800 2769 976 2818 marmore
995 2757 1121 2818 ornato
1145 2744 1245 2840 quod
1274 2743 1312 2816 in
1341 2743 1478 2817 fontem
1508 2747 1608 2820 urbis
1638 2749 1828 2845 superioris

440 2871 558 2943 fuerat
574 2868 723 2940 illatum.
776 2865 952 2939 Tabulam
971 2863 1091 2952 fuisse,
1109 2891 1183 2938 non
1199 2867 1332 2950 basem,
1350 2866 1561 2962 putaverim.

518 2986 644 3061 Edidit
655 2983 855 3059 Bbolrhiusb
865 3009 913 3056 ex
926 2983 1053 3076 variis;
1072 2983 1176 3056 oodd.
1193 2983 1387 3072 Sherardi‘,
1403 2983 1638 3082 Spanhemii⁶,
1652 2989 1827 3072 Roohetti,

442 3119 479 3180 et
495 3107 596 3180 libris
615 3105 799 3190 Richteri‘,
817 3101 1008 3177 Franckii‘.
1061 3105 1174 3178 Addo
1199 3105 1276 3204 ipse
1299 3105 1545 3204 apographum
1573 3108 1673 3206 quod
1700 3109 1772 3184 feci
1796 3123 1828 3182 et

442 3228 593 3301 alterum
612 3250 633 3298 a
651 3225 827 3298 Borrellio
844 3225 1001 3298 missum.

516 3347 640 3418 Habet
665 3342 802 3418 B'ookh.
821 3344 858 3416 in
885 3369 918 3416 v.
941 3348 970 3416 1.
984 3343 1043 3416 fin.
1063 3349 1190 3432 ΗΛΙΟ,
1208 3369 1337 3443 nempe
1367 3351 1664 3423 ΗΛΙΟΔΩΡΟΥ.
1724 3348 1825 3442 Quod

441 3467 544 3564 potui
566 3467 660 3538 inter
682 3464 882 3536 litterarum
906 3463 1096 3536 simulacra
1118 3487 1267 3537 exarare
1286 3464 1380 3537 dedi.
1432 3464 1535 3538 Nihil
1557 3465 1699 3542 felicior
1718 3467 1825 3542 fuiin

441 3603 527 3662 nota
543 3586 719 3660 numerali
737 3609 843 3681 quam
859 3584 897 3656 in
907 3609 939 3655 v.
953 3587 984 3654 7.
998 3581 1171 3656 Richtero
1188 3583 1411 3678 obsequutus
1429 3586 1608 3680 expressit
1625 3586 1681 3659 vir
1691 3585 1822 3660 doetus.

443 3713 487 3784 In
518 3733 637 3805 apogr.
654 3707 803 3778 Borrell.
823 3731 878 3777 vv.
904 3706 935 3776 3,
960 3707 990 3776 7.
1017 3705 1050 3776 8.
1075 3703 1251 3776 habemus
1276 3709 1674 3796 ΒΟΥΛΑΡΧΙΣΑΝΤΑ,
1695 3715 1822 3782 ΙΠΑΡΧ

442 3845 508 3905 eto.
526 3833 765 3903 ΣΕΙΓΩΝΗΣ
782 3839 848 3900 eto.
875 3826 913 3898 in
933 3827 987 3897 14.
1008 3829 1308 3918 ΠΛΗΡΩΣΑΤΑ,
1325 3821 1425 3919 quod
1450 3825 1639 3924 excipiunt
1662 3827 1701 3901 in
1721 3853 1752 3902 v.
1773 3831 1820 3901 15.

442 3952 652 4026 ΔΙΑΑΙΤΟ.

481 4179 493 4210 ³
507 4175 573 4233 Vol.
586 4191 614 4231 u.
629 4193 657 4250 p.
669 4177 734 4231 800.
748 4191 776 4228 n.
786 4174 873 4236 3419.
1199 4175 1211 4205 ²
1229 4169 1295 4226 ltin.
1309 4188 1357 4246 pp.
1371 4167 1438 4230 586.
1452 4167 1518 4235 627.
1533 4167 1600 4231 636.

481 4274 576 4332 ‘Cod
591 4293 617 4350 p.
629 4271 676 4336 69.
717 4269 820 4328 Asina
835 4273 881 4333 99.
1199 4268 1208 4306 ¹
1226 4267 1323 4326 Richt.
1335 4269 1444 4328 lnsehr.
1458 4289 1485 4347 p.
1496 4269 1562 4334 378.
1576 4288 1612 4328 ss.

480 4371 577 4432 deod
591 4391 618 4428 n.
633 4373 695 4428 148.
