<?xml version="1.0" encoding="UTF-8"?>
<!DOCTYPE html PUBLIC "-//W3C//DTD XHTML 1.0 Transitional//EN"
    "http://www.w3.org/TR/xhtml1/DTD/xhtml1-transitional.dtd">
<html xmlns="http://www.w3.org/1999/xhtml" xml:lang="en" lang="en">
 <head>
  <title>
</title>
<meta http-equiv="Content-Type" content="text/html;charset=utf-8" />
  <meta name='ocr-system' content='tesseract 3.04.00' />
  <meta name='ocr-capabilities' content='ocr_page ocr_carea ocr_par ocr_line ocrx_word'/>
</head>
<body>
  <div class='ocr_page' id='page_1' title='image "./fasciculusinscr01kenngoog_0372.png"; bbox 0 0 3952 5238; ppageno 0'>
   <div class='ocr_carea' id='block_1_1' title="bbox 178 557 987 650">
    <p class='ocr_par' dir='ltr' id='par_1_1' title="bbox 178 557 987 650">
     <span class='ocr_line' id='line_1_1' title="bbox 178 557 987 650; baseline -0.009 -20"><span class='ocrx_word' id='word_1_1' title='bbox 178 561 558 650; x_wconf 63' lang='lat' dir='ltr'><strong>rummesie-cxcvi]</strong></span> <span class='ocrx_word' id='word_1_2' title='bbox 742 607 746 616; x_wconf 84' lang='lat'>-</span> <span class='ocrx_word' id='word_1_3' title='bbox 788 557 987 642; x_wconf 84' lang='lat' dir='ltr'>SMYRNA.</span> 
     </span>
    </p>
   </div>
   <div class='ocr_carea' id='block_1_2' title="bbox 818 852 939 920">
    <p class='ocr_par' dir='ltr' id='par_1_2' title="bbox 818 852 939 920">
     <span class='ocr_line' id='line_1_2' title="bbox 818 852 939 920; baseline -0.033 0"><span class='ocrx_word' id='word_1_4' title='bbox 818 852 939 920; x_wconf 87' lang='lat' dir='ltr'>CXLI.</span> 
     </span>
    </p>
   </div>
   <div class='ocr_carea' id='block_1_3' title="bbox 179 992 1571 2462">
    <p class='ocr_par' dir='ltr' id='par_1_3' title="bbox 179 992 1571 1406">
     <span class='ocr_line' id='line_1_3' title="bbox 244 992 1571 1084; baseline -0.003 -18"><span class='ocrx_word' id='word_1_5' title='bbox 244 1003 277 1066; x_wconf 78' lang='lat'><strong>2.</strong></span> <span class='ocrx_word' id='word_1_6' title='bbox 301 1002 458 1070; x_wconf 77' lang='grc' dir='ltr'><strong>Οὖλπίιιν.</strong></span> <span class='ocrx_word' id='word_1_7' title='bbox 502 997 587 1063; x_wconf 83' lang='lat' dir='ltr'>Dedi</span> <span class='ocrx_word' id='word_1_8' title='bbox 613 997 647 1062; x_wconf 91' lang='lat' dir='ltr'><strong>in</strong></span> <span class='ocrx_word' id='word_1_9' title='bbox 678 995 781 1084; x_wconf 90' lang='lat' dir='ltr'><strong>priore</strong></span> <span class='ocrx_word' id='word_1_10' title='bbox 810 994 929 1062; x_wconf 80' lang='lat' dir='ltr'><strong>libellor</strong></span> <span class='ocrx_word' id='word_1_11' title='bbox 957 1015 1063 1060; x_wconf 88' lang='lat' dir='ltr'><strong>versus</strong></span> <span class='ocrx_word' id='word_1_12' title='bbox 1093 992 1213 1080; x_wconf 79' lang='lat' dir='ltr'><strong>aliquot</strong></span> <span class='ocrx_word' id='word_1_13' title='bbox 1241 993 1326 1059; x_wconf 88' lang='lat' dir='ltr'><strong>tituli</strong></span> <span class='ocrx_word' id='word_1_14' title='bbox 1350 993 1405 1080; x_wconf 91' lang='lat' dir='ltr'><strong>qui</strong></span> <span class='ocrx_word' id='word_1_15' title='bbox 1428 995 1468 1060; x_wconf 86' lang='lat' dir='ltr'><strong>ed</strong></span> <span class='ocrx_word' id='word_1_16' title='bbox 1490 995 1571 1062; x_wconf 85' lang='lat' dir='ltr'><strong>hanc</strong></span> 
     </span>
     <span class='ocr_line' id='line_1_4' title="bbox 179 1098 1570 1194; baseline -0.006 -20"><span class='ocrx_word' id='word_1_17' title='bbox 179 1106 362 1174; x_wconf 73' lang='lat' dir='ltr'><strong>Marcellam</strong></span> <span class='ocrx_word' id='word_1_18' title='bbox 382 1117 509 1194; x_wconf 85' lang='lat' dir='ltr'><strong>spectet,</strong></span> <span class='ocrx_word' id='word_1_19' title='bbox 524 1104 607 1170; x_wconf 88' lang='lat' dir='ltr'><strong>inter</strong></span> <span class='ocrx_word' id='word_1_20' title='bbox 622 1101 843 1190; x_wconf 84' lang='lat' dir='ltr'><strong>Thyatirenos,</strong></span> <span class='ocrx_word' id='word_1_21' title='bbox 859 1125 877 1167; x_wconf 84' lang='lat' dir='ltr'><strong>a</strong></span> <span class='ocrx_word' id='word_1_22' title='bbox 894 1098 1014 1188; x_wconf 90' lang='lat' dir='ltr'><strong>Sponio</strong></span> <span class='ocrx_word' id='word_1_23' title='bbox 1030 1111 1062 1165; x_wconf 88' lang='lat' dir='ltr'><strong>et</strong></span> <span class='ocrx_word' id='word_1_24' title='bbox 1076 1099 1295 1188; x_wconf 84' lang='lat' dir='ltr'><strong>Peyscnnelio.</strong></span> <span class='ocrx_word' id='word_1_25' title='bbox 1341 1100 1428 1168; x_wconf 88' lang='lat' dir='ltr'><strong>Hinc</strong></span> <span class='ocrx_word' id='word_1_26' title='bbox 1443 1101 1570 1167; x_wconf 77' lang='lat' dir='ltr'><strong>Bbclrh·</strong></span> 
     </span>
     <span class='ocr_line' id='line_1_5' title="bbox 179 1205 1568 1294; baseline -0.002 -13"><span class='ocrx_word' id='word_1_27' title='bbox 179 1212 240 1291; x_wconf 86' lang='lat' dir='ltr'><strong>ius,</strong></span> <span class='ocrx_word' id='word_1_28' title='bbox 256 1236 289 1277; x_wconf 88' lang='lat' dir='ltr'><strong>n.</strong></span> <span class='ocrx_word' id='word_1_29' title='bbox 301 1211 397 1278; x_wconf 74' lang='lat'>3057.</span> <span class='ocrx_word' id='word_1_30' title='bbox 441 1209 565 1276; x_wconf 86' lang='lat' dir='ltr'><strong>Obvius</strong></span> <span class='ocrx_word' id='word_1_31' title='bbox 589 1231 715 1294; x_wconf 91' lang='lat' dir='ltr'><strong>quoque</strong></span> <span class='ocrx_word' id='word_1_32' title='bbox 737 1219 784 1274; x_wconf 92' lang='lat' dir='ltr'><strong>est</strong></span> <span class='ocrx_word' id='word_1_33' title='bbox 809 1207 895 1284; x_wconf 83' lang='lat' dir='ltr'><strong>ulter,</strong></span> <span class='ocrx_word' id='word_1_34' title='bbox 911 1219 947 1272; x_wconf 92' lang='lat' dir='ltr'><strong>ut</strong></span> <span class='ocrx_word' id='word_1_35' title='bbox 965 1205 1075 1272; x_wconf 90' lang='lat' dir='ltr'><strong>monui</strong></span> <span class='ocrx_word' id='word_1_36' title='bbox 1099 1206 1134 1271; x_wconf 92' lang='lat' dir='ltr'><strong>in</strong></span> <span class='ocrx_word' id='word_1_37' title='bbox 1148 1206 1226 1274; x_wconf 95' lang='lat' dir='ltr'><strong>VV.</strong></span> <span class='ocrx_word' id='word_1_38' title='bbox 1244 1208 1322 1288; x_wconf 91' lang='lat' dir='ltr'>LL.‚</span> <span class='ocrx_word' id='word_1_39' title='bbox 1337 1209 1398 1274; x_wconf 83' lang='lat' dir='ltr'><strong>viz.</strong></span> <span class='ocrx_word' id='word_1_40' title='bbox 1417 1233 1450 1276; x_wconf 91' lang='lat' dir='ltr'><strong>n.</strong></span> <span class='ocrx_word' id='word_1_41' title='bbox 1464 1211 1568 1290; x_wconf 81' lang='lat'>3058.</span> 
     </span>
     <span class='ocr_line' id='line_1_6' title="bbox 181 1311 1449 1406; baseline -0.002 -22"><span class='ocrx_word' id='word_1_42' title='bbox 181 1319 220 1386; x_wconf 91' lang='lat' dir='ltr'><strong>ab</strong></span> <span class='ocrx_word' id='word_1_43' title='bbox 235 1317 322 1384; x_wconf 91' lang='lat' dir='ltr'><strong>omni</strong></span> <span class='ocrx_word' id='word_1_44' title='bbox 336 1331 424 1406; x_wconf 87' lang='lat' dir='ltr'><strong>parte</strong></span> <span class='ocrx_word' id='word_1_45' title='bbox 438 1331 543 1382; x_wconf 91' lang='lat' dir='ltr'><strong>nostro</strong></span> <span class='ocrx_word' id='word_1_46' title='bbox 558 1315 678 1394; x_wconf 88' lang='lat' dir='ltr'><strong>similis,</strong></span> <span class='ocrx_word' id='word_1_47' title='bbox 693 1314 755 1380; x_wconf 90' lang='lat' dir='ltr'><strong>nisi</strong></span> <span class='ocrx_word' id='word_1_48' title='bbox 770 1313 855 1401; x_wconf 89' lang='lat' dir='ltr'><strong>quod</strong></span> <span class='ocrx_word' id='word_1_49' title='bbox 870 1313 1071 1404; x_wconf 75' lang='grc' dir='ltr'>ἀγωνοθέτην</span> <span class='ocrx_word' id='word_1_50' title='bbox 1085 1311 1237 1380; x_wconf 82' lang='lat' dir='ltr'><strong>hebemus</strong></span> <span class='ocrx_word' id='word_1_51' title='bbox 1250 1313 1449 1381; x_wconf 85' lang='lat' dir='ltr'><strong>femininum.</strong></span> 
     </span>
    </p>

    <p class='ocr_par' dir='ltr' id='par_1_4' title="bbox 179 1417 1569 1913">
     <span class='ocr_line' id='line_1_7' title="bbox 245 1417 1569 1509; baseline 0.001 -21"><span class='ocrx_word' id='word_1_52' title='bbox 245 1423 300 1488; x_wconf 83' lang='lat' dir='ltr'><strong>Ex</strong></span> <span class='ocrx_word' id='word_1_53' title='bbox 313 1423 400 1489; x_wconf 90' lang='lat' dir='ltr'><strong>hisce</strong></span> <span class='ocrx_word' id='word_1_54' title='bbox 421 1420 626 1488; x_wconf 75' lang='lat' dir='ltr'><strong>Bdckhianus</strong></span> <span class='ocrx_word' id='word_1_55' title='bbox 640 1420 726 1509; x_wconf 91' lang='lat' dir='ltr'><strong>prior</strong></span> <span class='ocrx_word' id='word_1_56' title='bbox 744 1419 871 1486; x_wconf 86' lang='lat' dir='ltr'><strong>videtur</strong></span> <span class='ocrx_word' id='word_1_57' title='bbox 885 1433 975 1486; x_wconf 81' lang='lat' dir='ltr'><strong>aetate</strong></span> <span class='ocrx_word' id='word_1_58' title='bbox 995 1417 1203 1497; x_wconf 80' lang='lat' dir='ltr'><strong>antecessisse,</strong></span> <span class='ocrx_word' id='word_1_59' title='bbox 1219 1442 1292 1486; x_wconf 88' lang='lat' dir='ltr'><strong>nam</strong></span> <span class='ocrx_word' id='word_1_60' title='bbox 1307 1443 1377 1506; x_wconf 88' lang='lat' dir='ltr'><strong>quae</strong></span> <span class='ocrx_word' id='word_1_61' title='bbox 1398 1419 1433 1486; x_wconf 93' lang='lat' dir='ltr'><strong>in</strong></span> <span class='ocrx_word' id='word_1_62' title='bbox 1447 1421 1502 1488; x_wconf 93' lang='lat' dir='ltr'><strong>illo</strong></span> <span class='ocrx_word' id='word_1_63' title='bbox 1517 1423 1569 1490; x_wconf 91' lang='lat' dir='ltr'><strong>de·</strong></span> 
     </span>
     <span class='ocr_line' id='line_1_8' title="bbox 179 1525 1567 1616; baseline -0.001 -19"><span class='ocrx_word' id='word_1_64' title='bbox 179 1530 314 1597; x_wconf 83' lang='lat' dir='ltr'><strong>claretur</strong></span> <span class='ocrx_word' id='word_1_65' title='bbox 328 1553 394 1595; x_wconf 88' lang='lat' dir='ltr'><strong>esse</strong></span> <span class='ocrx_word' id='word_1_66' title='bbox 409 1535 499 1616; x_wconf 75' lang='grc' dir='ltr'><strong>ἱέρεια</strong></span> <span class='ocrx_word' id='word_1_67' title='bbox 514 1541 570 1606; x_wconf 80' lang='grc' dir='ltr'><strong>τῆς</strong></span> <span class='ocrx_word' id='word_1_68' title='bbox 584 1527 774 1616; x_wconf 77' lang='grc' dir='ltr'><strong>Ἀρτέμιδος,</strong></span> <span class='ocrx_word' id='word_1_69' title='bbox 798 1527 833 1593; x_wconf 92' lang='lat' dir='ltr'><strong>in</strong></span> <span class='ocrx_word' id='word_1_70' title='bbox 856 1527 953 1593; x_wconf 88' lang='lat' dir='ltr'><strong>altero</strong></span> <span class='ocrx_word' id='word_1_71' title='bbox 974 1526 1090 1594; x_wconf 89' lang='lat' dir='ltr'><strong>dicitur</strong></span> <span class='ocrx_word' id='word_1_72' title='bbox 1111 1525 1239 1615; x_wconf 79' lang='lat' dir='ltr'><strong>gessisse</strong></span> <span class='ocrx_word' id='word_1_73' title='bbox 1254 1528 1462 1608; x_wconf 76' lang='lat' dir='ltr'><strong>sacerdotium</strong></span> <span class='ocrx_word' id='word_1_74' title='bbox 1477 1530 1567 1596; x_wconf 91' lang='lat' dir='ltr'><strong>illud.</strong></span> 
     </span>
     <span class='ocr_line' id='line_1_9' title="bbox 180 1629 1569 1721; baseline 0.002 -21"><span class='ocrx_word' id='word_1_75' title='bbox 180 1633 341 1700; x_wconf 78' lang='lat' dir='ltr'><strong>lVrmirum</strong></span> <span class='ocrx_word' id='word_1_76' title='bbox 355 1631 516 1721; x_wconf 75' lang='lat' dir='ltr'><strong>probabile</strong></span> <span class='ocrx_word' id='word_1_77' title='bbox 531 1643 578 1697; x_wconf 87' lang='lat' dir='ltr'><strong>est</strong></span> <span class='ocrx_word' id='word_1_78' title='bbox 589 1629 771 1696; x_wconf 73' lang='lat' dir='ltr'><strong>Marcellam</strong></span> <span class='ocrx_word' id='word_1_79' title='bbox 786 1629 912 1696; x_wconf 88' lang='lat' dir='ltr'><strong>cuidam</strong></span> <span class='ocrx_word' id='word_1_80' title='bbox 922 1630 1073 1718; x_wconf 90' lang='lat' dir='ltr'><strong>nupsisse,</strong></span> <span class='ocrx_word' id='word_1_81' title='bbox 1087 1631 1173 1716; x_wconf 92' lang='lat' dir='ltr'><strong>quod</strong></span> <span class='ocrx_word' id='word_1_82' title='bbox 1187 1630 1214 1696; x_wconf 91' lang='lat' dir='ltr'><strong>si</strong></span> <span class='ocrx_word' id='word_1_83' title='bbox 1228 1652 1339 1698; x_wconf 88' lang='lat' dir='ltr'><strong>verum</strong></span> <span class='ocrx_word' id='word_1_84' title='bbox 1353 1633 1394 1699; x_wconf 86' lang='lat' dir='ltr'><strong>sit</strong></span> <span class='ocrx_word' id='word_1_85' title='bbox 1407 1637 1569 1704; x_wconf 76' lang='lat' dir='ltr'><strong>sententie</strong></span> 
     </span>
     <span class='ocr_line' id='line_1_10' title="bbox 180 1734 1569 1822; baseline 0.001 -15"><span class='ocrx_word' id='word_1_86' title='bbox 180 1739 264 1806; x_wconf 81' lang='lat' dir='ltr'><strong>favet</strong></span> <span class='ocrx_word' id='word_1_87' title='bbox 278 1737 444 1804; x_wconf 87' lang='lat' dir='ltr'><strong>memorari</strong></span> <span class='ocrx_word' id='word_1_88' title='bbox 469 1736 503 1802; x_wconf 92' lang='lat' dir='ltr'><strong>in</strong></span> <span class='ocrx_word' id='word_1_89' title='bbox 525 1735 722 1814; x_wconf 80' lang='lat' dir='ltr'><strong>Biiclrbisno,</strong></span> <span class='ocrx_word' id='word_1_90' title='bbox 736 1759 770 1800; x_wconf 91' lang='lat' dir='ltr'><strong>n.</strong></span> <span class='ocrx_word' id='word_1_91' title='bbox 781 1736 886 1816; x_wconf 77' lang='lat'><strong>3157,</strong></span> <span class='ocrx_word' id='word_1_92' title='bbox 901 1734 999 1802; x_wconf 78' lang='lat' dir='ltr'><strong>lilium</strong></span> <span class='ocrx_word' id='word_1_93' title='bbox 1013 1736 1081 1822; x_wconf 89' lang='lat' dir='ltr'><strong>ejus</strong></span> <span class='ocrx_word' id='word_1_94' title='bbox 1096 1735 1324 1820; x_wconf 74' lang='lat' dir='ltr'><strong>Mareellinam,</strong></span> <span class='ocrx_word' id='word_1_95' title='bbox 1344 1762 1497 1806; x_wconf 87' lang='lat' dir='ltr'><strong>summam</strong></span> <span class='ocrx_word' id='word_1_96' title='bbox 1515 1741 1569 1808; x_wconf 78' lang='lat' dir='ltr'><strong>Se·</strong></span> 
     </span>
     <span class='ocr_line' id='line_1_11' title="bbox 182 1837 645 1913; baseline -0.024 0"><span class='ocrx_word' id='word_1_97' title='bbox 182 1841 341 1913; x_wconf 84' lang='lat' dir='ltr'><strong>cerdotem</strong></span> <span class='ocrx_word' id='word_1_98' title='bbox 351 1837 487 1906; x_wconf 88' lang='lat' dir='ltr'><strong>Veneris</strong></span> <span class='ocrx_word' id='word_1_99' title='bbox 501 1837 645 1905; x_wconf 85' lang='lat' dir='ltr'><strong>coelestis.</strong></span> 
     </span>
    </p>

    <p class='ocr_par' dir='ltr' id='par_1_5' title="bbox 182 1943 1566 2141">
     <span class='ocr_line' id='line_1_12' title="bbox 245 1943 1566 2041; baseline 0.003 -27"><span class='ocrx_word' id='word_1_100' title='bbox 245 1948 364 2035; x_wconf 78' lang='lat' dir='ltr'><strong>Liquet</strong></span> <span class='ocrx_word' id='word_1_101' title='bbox 382 1971 475 2036; x_wconf 87' lang='lat' dir='ltr'><strong>porro</strong></span> <span class='ocrx_word' id='word_1_102' title='bbox 495 1970 536 2012; x_wconf 86' lang='lat' dir='ltr'><strong>ex</strong></span> <span class='ocrx_word' id='word_1_103' title='bbox 561 1959 665 2012; x_wconf 85' lang='lat' dir='ltr'><strong>nostro</strong></span> <span class='ocrx_word' id='word_1_104' title='bbox 680 1943 827 2012; x_wconf 84' lang='lat' dir='ltr'><strong>feminam</strong></span> <span class='ocrx_word' id='word_1_105' title='bbox 842 1944 998 2034; x_wconf 85' lang='lat' dir='ltr'><strong>insignem</strong></span> <span class='ocrx_word' id='word_1_106' title='bbox 1013 1957 1045 2012; x_wconf 92' lang='lat' dir='ltr'><strong>et</strong></span> <span class='ocrx_word' id='word_1_107' title='bbox 1059 1946 1144 2035; x_wconf 86' lang='lat' dir='ltr'><strong>epud</strong></span> <span class='ocrx_word' id='word_1_108' title='bbox 1160 1946 1364 2036; x_wconf 86' lang='lat' dir='ltr'><strong>Smyrnenses</strong></span> <span class='ocrx_word' id='word_1_109' title='bbox 1384 1963 1417 2016; x_wconf 84' lang='lat' dir='ltr'><strong>et</strong></span> <span class='ocrx_word' id='word_1_110' title='bbox 1432 1950 1566 2041; x_wconf 77' lang='lat' dir='ltr'><strong>Thyati-</strong></span> 
     </span>
     <span class='ocr_line' id='line_1_13' title="bbox 182 2050 1461 2141; baseline 0.001 -20"><span class='ocrx_word' id='word_1_111' title='bbox 182 2077 273 2121; x_wconf 90' lang='lat' dir='ltr'><strong>renos</strong></span> <span class='ocrx_word' id='word_1_112' title='bbox 284 2077 369 2120; x_wconf 83' lang='lat' dir='ltr'><strong>sacre</strong></span> <span class='ocrx_word' id='word_1_113' title='bbox 383 2051 555 2119; x_wconf 85' lang='lat' dir='ltr'><strong>ministeria</strong></span> <span class='ocrx_word' id='word_1_114' title='bbox 569 2051 746 2118; x_wconf 85' lang='lat' dir='ltr'><strong>exercuisse</strong></span> <span class='ocrx_word' id='word_1_115' title='bbox 760 2076 767 2130; x_wconf 91' lang='lat'><strong>;</strong></span> <span class='ocrx_word' id='word_1_116' title='bbox 790 2050 921 2139; x_wconf 86' lang='lat' dir='ltr'><strong>proinde</strong></span> <span class='ocrx_word' id='word_1_117' title='bbox 935 2051 1107 2119; x_wconf 89' lang='lat' dir='ltr'><strong>honoribus</strong></span> <span class='ocrx_word' id='word_1_118' title='bbox 1121 2055 1161 2120; x_wconf 84' lang='lat' dir='ltr'><strong>eb</strong></span> <span class='ocrx_word' id='word_1_119' title='bbox 1175 2053 1315 2141; x_wconf 87' lang='lat' dir='ltr'><strong>utrisque</strong></span> <span class='ocrx_word' id='word_1_120' title='bbox 1329 2069 1461 2122; x_wconf 82' lang='lat' dir='ltr'><strong>auctam.</strong></span> 
     </span>
    </p>

    <p class='ocr_par' dir='ltr' id='par_1_6' title="bbox 183 2156 1566 2462">
     <span class='ocr_line' id='line_1_14' title="bbox 245 2156 1565 2246; baseline 0.004 -21"><span class='ocrx_word' id='word_1_121' title='bbox 245 2160 297 2226; x_wconf 91' lang='lat' dir='ltr'><strong>De</strong></span> <span class='ocrx_word' id='word_1_122' title='bbox 311 2158 477 2226; x_wconf 82' lang='lat' dir='ltr'><strong>Asinrchia</strong></span> <span class='ocrx_word' id='word_1_123' title='bbox 501 2156 681 2246; x_wconf 66' lang='lat' dir='ltr'><strong>particulari</strong></span> <span class='ocrx_word' id='word_1_124' title='bbox 705 2181 775 2244; x_wconf 82' lang='lat' dir='ltr'><strong>quse</strong></span> <span class='ocrx_word' id='word_1_125' title='bbox 789 2170 980 2225; x_wconf 86' lang='lat' dir='ltr'><strong>memoretur</strong></span> <span class='ocrx_word' id='word_1_126' title='bbox 993 2157 1027 2224; x_wconf 92' lang='lat' dir='ltr'><strong>in</strong></span> <span class='ocrx_word' id='word_1_127' title='bbox 1042 2182 1074 2224; x_wconf 84' lang='lat' dir='ltr'><strong>v.</strong></span> <span class='ocrx_word' id='word_1_128' title='bbox 1091 2160 1120 2224; x_wconf 87' lang='lat'><strong>6.</strong></span> <span class='ocrx_word' id='word_1_129' title='bbox 1136 2173 1208 2240; x_wconf 82' lang='lat' dir='ltr'><strong>etc,</strong></span> <span class='ocrx_word' id='word_1_130' title='bbox 1223 2160 1298 2226; x_wconf 87' lang='lat' dir='ltr'><strong>vide</strong></span> <span class='ocrx_word' id='word_1_131' title='bbox 1323 2175 1430 2228; x_wconf 86' lang='lat' dir='ltr'><strong>notam</strong></span> <span class='ocrx_word' id='word_1_132' title='bbox 1452 2163 1492 2228; x_wconf 87' lang='lat' dir='ltr'><strong>ed</strong></span> <span class='ocrx_word' id='word_1_133' title='bbox 1515 2164 1565 2230; x_wconf 91' lang='lat' dir='ltr'><strong>tit.</strong></span> 
     </span>
     <span class='ocr_line' id='line_1_15' title="bbox 183 2261 1566 2353; baseline 0.001 -21"><span class='ocrx_word' id='word_1_134' title='bbox 183 2287 248 2332; x_wconf 83' lang='lat' dir='ltr'><strong>ux.</strong></span> <span class='ocrx_word' id='word_1_135' title='bbox 261 2268 292 2330; x_wconf 82' lang='lat'><strong>4.</strong></span> <span class='ocrx_word' id='word_1_136' title='bbox 304 2289 399 2352; x_wconf 68' lang='lat' dir='ltr'><strong>supr„</strong></span> <span class='ocrx_word' id='word_1_137' title='bbox 411 2287 535 2330; x_wconf 89' lang='lat' dir='ltr'><strong>necnon</strong></span> <span class='ocrx_word' id='word_1_138' title='bbox 546 2263 586 2329; x_wconf 93' lang='lat' dir='ltr'><strong>de</strong></span> <span class='ocrx_word' id='word_1_139' title='bbox 600 2261 723 2328; x_wconf 91' lang='lat' dir='ltr'><strong>seminis</strong></span> <span class='ocrx_word' id='word_1_140' title='bbox 737 2263 979 2353; x_wconf 83' lang='lat' dir='ltr'><strong>magistratibus,</strong></span> <span class='ocrx_word' id='word_1_141' title='bbox 995 2263 1036 2330; x_wconf 90' lang='lat' dir='ltr'><strong>ad</strong></span> <span class='ocrx_word' id='word_1_142' title='bbox 1049 2285 1163 2330; x_wconf 79' lang='lat' dir='ltr'><strong>nxxrv.</strong></span> <span class='ocrx_word' id='word_1_143' title='bbox 1178 2265 1233 2331; x_wconf 86' lang='lat' dir='ltr'><strong>fin.</strong></span> <span class='ocrx_word' id='word_1_144' title='bbox 1269 2265 1382 2332; x_wconf 88' lang='lat' dir='ltr'><strong>Cultus</strong></span> <span class='ocrx_word' id='word_1_145' title='bbox 1396 2268 1503 2335; x_wconf 86' lang='lat' dir='ltr'><strong>matris</strong></span> <span class='ocrx_word' id='word_1_146' title='bbox 1519 2269 1566 2336; x_wconf 86' lang='lat' dir='ltr'><strong>si-</strong></span> 
     </span>
     <span class='ocr_line' id='line_1_16' title="bbox 183 2371 1373 2462; baseline -0.002 -22"><span class='ocrx_word' id='word_1_147' title='bbox 183 2375 306 2462; x_wconf 82' lang='lat' dir='ltr'><strong>pylenae</strong></span> <span class='ocrx_word' id='word_1_148' title='bbox 320 2387 387 2440; x_wconf 85' lang='lat' dir='ltr'><strong>erat</strong></span> <span class='ocrx_word' id='word_1_149' title='bbox 400 2373 524 2462; x_wconf 76' lang='grc' dir='ltr'>ἐξόχως</span> <span class='ocrx_word' id='word_1_150' title='bbox 540 2371 773 2461; x_wconf 84' lang='lat' dir='ltr'><strong>Smyrnaeorum</strong></span> <span class='ocrx_word' id='word_1_151' title='bbox 788 2385 821 2438; x_wconf 91' lang='lat' dir='ltr'><strong>et</strong></span> <span class='ocrx_word' id='word_1_152' title='bbox 831 2371 1039 2461; x_wconf 84' lang='lat' dir='ltr'><strong>Magnetum:</strong></span> <span class='ocrx_word' id='word_1_153' title='bbox 1061 2371 1126 2440; x_wconf 90' lang='lat' dir='ltr'><strong>vid.</strong></span> <span class='ocrx_word' id='word_1_154' title='bbox 1137 2371 1255 2440; x_wconf 78' lang='lat' dir='ltr'><strong>Fascio.</strong></span> <span class='ocrx_word' id='word_1_155' title='bbox 1270 2373 1373 2462; x_wconf 69' lang='lat' dir='ltr'><strong>prim.⁸</strong></span> 
     </span>
    </p>
   </div>
   <div class='ocr_carea' id='block_1_4' title="bbox 798 2651 955 2719">
    <p class='ocr_par' dir='ltr' id='par_1_7' title="bbox 798 2651 955 2719">
     <span class='ocr_line' id='line_1_17' title="bbox 798 2651 955 2719; baseline -0.006 0"><span class='ocrx_word' id='word_1_156' title='bbox 798 2651 955 2719; x_wconf 84' lang='lat' dir='ltr'>CXLIV.</span> 
     </span>
    </p>
   </div>
   <div class='ocr_carea' id='block_1_5' title="bbox 182 2801 1567 3208">
    <p class='ocr_par' dir='ltr' id='par_1_8' title="bbox 182 2801 1567 3208">
     <span class='ocr_line' id='line_1_18' title="bbox 248 2801 1565 2891; baseline -0.002 -20"><span class='ocrx_word' id='word_1_157' title='bbox 248 2807 276 2872; x_wconf 92' lang='lat'><strong>1.</strong></span> <span class='ocrx_word' id='word_1_158' title='bbox 301 2806 482 2882; x_wconf 75' lang='grc' dir='ltr'><strong>Πλάτανος.</strong></span> <span class='ocrx_word' id='word_1_159' title='bbox 526 2804 599 2870; x_wconf 90' lang='lat' dir='ltr'><strong>Hoc</strong></span> <span class='ocrx_word' id='word_1_160' title='bbox 620 2827 736 2870; x_wconf 91' lang='lat' dir='ltr'><strong>nomen</strong></span> <span class='ocrx_word' id='word_1_161' title='bbox 750 2825 824 2870; x_wconf 92' lang='lat' dir='ltr'><strong>cum</strong></span> <span class='ocrx_word' id='word_1_162' title='bbox 837 2815 987 2889; x_wconf 89' lang='lat' dir='ltr'><strong>sequente</strong></span> <span class='ocrx_word' id='word_1_163' title='bbox 1003 2807 1082 2882; x_wconf 67' lang='grc' dir='ltr'><strong>Νίκη</strong></span> <span class='ocrx_word' id='word_1_164' title='bbox 1101 2801 1265 2888; x_wconf 87' lang='lat' dir='ltr'><strong>conjunxi,</strong></span> <span class='ocrx_word' id='word_1_165' title='bbox 1280 2803 1470 2891; x_wconf 88' lang='lat' dir='ltr'><strong>obsequutus</strong></span> <span class='ocrx_word' id='word_1_166' title='bbox 1485 2804 1565 2869; x_wconf 89' lang='lat' dir='ltr'><strong>mori</strong></span> 
     </span>
     <span class='ocr_line' id='line_1_19' title="bbox 184 2907 1567 2998; baseline -0.001 -22"><span class='ocrx_word' id='word_1_167' title='bbox 184 2911 280 2978; x_wconf 86' lang='lat' dir='ltr'><strong>aetatis</strong></span> <span class='ocrx_word' id='word_1_168' title='bbox 305 2909 466 2998; x_wconf 88' lang='lat' dir='ltr'><strong>sequioris,</strong></span> <span class='ocrx_word' id='word_1_169' title='bbox 485 2909 575 2995; x_wconf 89' lang='lat' dir='ltr'><strong>cujus</strong></span> <span class='ocrx_word' id='word_1_170' title='bbox 600 2908 783 2997; x_wconf 85' lang='lat' dir='ltr'><strong>exemplum</strong></span> <span class='ocrx_word' id='word_1_171' title='bbox 803 2907 953 2974; x_wconf 88' lang='lat' dir='ltr'><strong>habemus</strong></span> <span class='ocrx_word' id='word_1_172' title='bbox 977 2907 1048 2972; x_wconf 84' lang='lat' dir='ltr'><strong>infr.</strong></span> <span class='ocrx_word' id='word_1_173' title='bbox 1071 2907 1105 2972; x_wconf 90' lang='lat' dir='ltr'><strong>in</strong></span> <span class='ocrx_word' id='word_1_174' title='bbox 1128 2908 1179 2974; x_wconf 85' lang='lat' dir='ltr'><strong>tit.</strong></span> <span class='ocrx_word' id='word_1_175' title='bbox 1195 2921 1326 2975; x_wconf 76' lang='lat' dir='ltr'><strong>ccxxvr.</strong></span> <span class='ocrx_word' id='word_1_176' title='bbox 1348 2909 1405 2975; x_wconf 82' lang='lat' dir='ltr'><strong>ult</strong></span> <span class='ocrx_word' id='word_1_177' title='bbox 1450 2909 1567 2976; x_wconf 91' lang='lat' dir='ltr'><strong>Melius</strong></span> 
     </span>
     <span class='ocr_line' id='line_1_20' title="bbox 182 3015 1567 3107; baseline 0.001 -25"><span class='ocrx_word' id='word_1_178' title='bbox 182 3017 306 3084; x_wconf 76' lang='lat' dir='ltr'><strong>fortusse</strong></span> <span class='ocrx_word' id='word_1_179' title='bbox 320 3016 433 3106; x_wconf 86' lang='lat' dir='ltr'><strong>legeris</strong></span> <span class='ocrx_word' id='word_1_180' title='bbox 450 3023 538 3106; x_wconf 71' lang='grc' dir='ltr'><strong><em>Νίκῃ,</em></strong></span> <span class='ocrx_word' id='word_1_181' title='bbox 553 3029 589 3082; x_wconf 89' lang='lat' dir='ltr'><strong>ut</strong></span> <span class='ocrx_word' id='word_1_182' title='bbox 603 3040 655 3083; x_wconf 85' lang='lat' dir='ltr'><strong>ara</strong></span> <span class='ocrx_word' id='word_1_183' title='bbox 669 3016 710 3082; x_wconf 87' lang='lat' dir='ltr'><strong>sit</strong></span> <span class='ocrx_word' id='word_1_184' title='bbox 723 3016 884 3096; x_wconf 75' lang='lat' dir='ltr'><strong>Victoria,</strong></span> <span class='ocrx_word' id='word_1_185' title='bbox 899 3015 951 3083; x_wconf 86' lang='lat' dir='ltr'><strong>vel</strong></span> <span class='ocrx_word' id='word_1_186' title='bbox 965 3015 999 3082; x_wconf 91' lang='lat' dir='ltr'><strong>in</strong></span> <span class='ocrx_word' id='word_1_187' title='bbox 1010 3015 1192 3084; x_wconf 87' lang='lat' dir='ltr'><strong>memoriam</strong></span> <span class='ocrx_word' id='word_1_188' title='bbox 1205 3017 1300 3084; x_wconf 90' lang='lat' dir='ltr'><strong>Nices</strong></span> <span class='ocrx_word' id='word_1_189' title='bbox 1314 3017 1567 3107; x_wconf 67' lang='lat' dir='ltr'><strong>cujusdemque</strong></span> 
     </span>
     <span class='ocr_line' id='line_1_21' title="bbox 184 3119 862 3208; baseline -0.001 -22"><span class='ocrx_word' id='word_1_190' title='bbox 184 3145 254 3187; x_wconf 91' lang='lat' dir='ltr'><strong>cum</strong></span> <span class='ocrx_word' id='word_1_191' title='bbox 269 3121 434 3188; x_wconf 85' lang='lat' dir='ltr'><strong>dedicante</strong></span> <span class='ocrx_word' id='word_1_192' title='bbox 447 3119 549 3188; x_wconf 85' lang='lat' dir='ltr'><strong>fueret</strong></span> <span class='ocrx_word' id='word_1_193' title='bbox 563 3121 738 3208; x_wconf 83' lang='lat' dir='ltr'><strong>conjuncta,</strong></span> <span class='ocrx_word' id='word_1_194' title='bbox 753 3119 862 3208; x_wconf 85' lang='lat' dir='ltr'><strong>posita.</strong></span> 
     </span>
    </p>
   </div>
   <div class='ocr_carea' id='block_1_6' title="bbox 805 3369 945 3438">
    <p class='ocr_par' dir='ltr' id='par_1_9' title="bbox 805 3369 945 3438">
     <span class='ocr_line' id='line_1_22' title="bbox 805 3369 945 3438; baseline -0.014 -1"><span class='ocrx_word' id='word_1_195' title='bbox 805 3369 945 3438; x_wconf 85' lang='lat' dir='ltr'>CXLV.</span> 
     </span>
    </p>
   </div>
   <div class='ocr_carea' id='block_1_7' title="bbox 186 3519 1566 3716">
    <p class='ocr_par' dir='ltr' id='par_1_10' title="bbox 186 3519 1566 3716">
     <span class='ocr_line' id='line_1_23' title="bbox 250 3519 1566 3611; baseline -0.001 -24"><span class='ocrx_word' id='word_1_196' title='bbox 250 3523 281 3588; x_wconf 85' lang='lat'><strong>3.</strong></span> <span class='ocrx_word' id='word_1_197' title='bbox 303 3522 482 3611; x_wconf 79' lang='grc' dir='ltr'><strong>Ῥουφῖνος.</strong></span> <span class='ocrx_word' id='word_1_198' title='bbox 528 3521 654 3587; x_wconf 86' lang='lat' dir='ltr'><strong>Nomen</strong></span> <span class='ocrx_word' id='word_1_199' title='bbox 674 3533 741 3587; x_wconf 85' lang='lat' dir='ltr'><strong>erat</strong></span> <span class='ocrx_word' id='word_1_200' title='bbox 763 3519 846 3586; x_wconf 88' lang='lat' dir='ltr'><strong>inter</strong></span> <span class='ocrx_word' id='word_1_201' title='bbox 867 3519 1045 3609; x_wconf 85' lang='lat' dir='ltr'><strong>Smymaeos</strong></span> <span class='ocrx_word' id='word_1_202' title='bbox 1062 3519 1224 3610; x_wconf 85' lang='lat' dir='ltr'><strong>insignius.</strong></span> <span class='ocrx_word' id='word_1_203' title='bbox 1269 3520 1356 3588; x_wconf 89' lang='lat' dir='ltr'><strong>Vide</strong></span> <span class='ocrx_word' id='word_1_204' title='bbox 1375 3533 1440 3588; x_wconf 91' lang='lat' dir='ltr'><strong>not.</strong></span> <span class='ocrx_word' id='word_1_205' title='bbox 1461 3521 1501 3588; x_wconf 91' lang='lat' dir='ltr'><strong>ed</strong></span> <span class='ocrx_word' id='word_1_206' title='bbox 1518 3522 1566 3589; x_wconf 83' lang='lat' dir='ltr'><strong>tit.</strong></span> 
     </span>
     <span class='ocr_line' id='line_1_24' title="bbox 186 3629 421 3716; baseline 0 -24"><span class='ocrx_word' id='word_1_207' title='bbox 186 3647 273 3694; x_wconf 81' lang='grc' dir='ltr'><strong>ιιιι.</strong></span> <span class='ocrx_word' id='word_1_208' title='bbox 290 3629 321 3696; x_wconf 85' lang='grc'><strong>3.</strong></span> <span class='ocrx_word' id='word_1_209' title='bbox 338 3651 421 3716; x_wconf 87' lang='lat' dir='ltr'><strong>supr.</strong></span> 
     </span>
    </p>
   </div>
   <div class='ocr_carea' id='block_1_8' title="bbox 788 3835 965 3904">
    <p class='ocr_par' dir='ltr' id='par_1_11' title="bbox 788 3835 965 3904">
     <span class='ocr_line' id='line_1_25' title="bbox 788 3835 965 3904; baseline -0.006 0"><span class='ocrx_word' id='word_1_210' title='bbox 788 3835 965 3904; x_wconf 83' lang='lat' dir='ltr'>CXLVII.</span> 
     </span>
    </p>
   </div>
   <div class='ocr_carea' id='block_1_9' title="bbox 249 3977 1187 4072">
    <p class='ocr_par' dir='ltr' id='par_1_12' title="bbox 249 3977 1187 4072">
     <span class='ocr_line' id='line_1_26' title="bbox 249 3977 1187 4072; baseline -0.009 -17"><span class='ocrx_word' id='word_1_211' title='bbox 249 3988 280 4055; x_wconf 86' lang='lat'><strong>5.</strong></span> <span class='ocrx_word' id='word_1_212' title='bbox 302 3986 481 4072; x_wconf 80' lang='grc' dir='ltr'><strong>Ἀσιάρχιι.</strong></span> <span class='ocrx_word' id='word_1_213' title='bbox 525 3981 612 4049; x_wconf 90' lang='lat' dir='ltr'><strong>Vide</strong></span> <span class='ocrx_word' id='word_1_214' title='bbox 629 4002 698 4046; x_wconf 76' lang='lat' dir='ltr'><strong>uix.</strong></span> <span class='ocrx_word' id='word_1_215' title='bbox 715 3981 744 4044; x_wconf 82' lang='lat'><strong>4.</strong></span> <span class='ocrx_word' id='word_1_216' title='bbox 760 3978 846 4046; x_wconf 88' lang='lat' dir='ltr'><strong>etde</strong></span> <span class='ocrx_word' id='word_1_217' title='bbox 861 3977 1187 4058; x_wconf 68' lang='lat' dir='ltr'><strong>feminiasublinem.</strong></span> 
     </span>
    </p>
   </div>
   <div class='ocr_carea' id='block_1_10' title="bbox 216 4259 1327 4414">
    <p class='ocr_par' dir='ltr' id='par_1_13' title="bbox 216 4259 1327 4414">
     <span class='ocr_line' id='line_1_27' title="bbox 216 4259 1327 4327; baseline -0.002 -12"><span class='ocrx_word' id='word_1_218' title='bbox 216 4272 226 4300; x_wconf 74' lang='lat'>¹</span> <span class='ocrx_word' id='word_1_219' title='bbox 245 4267 339 4316; x_wconf 77' lang='lat' dir='ltr'><strong>Auctnr.</strong></span> <span class='ocrx_word' id='word_1_220' title='bbox 353 4267 437 4327; x_wconf 70' lang='lat' dir='ltr'><strong>pres.</strong></span> <span class='ocrx_word' id='word_1_221' title='bbox 937 4259 947 4285; x_wconf 83' lang='lat'>⁸</span> <span class='ocrx_word' id='word_1_222' title='bbox 966 4263 1025 4312; x_wconf 87' lang='lat' dir='ltr'><strong>Ibid.</strong></span> <span class='ocrx_word' id='word_1_223' title='bbox 1036 4265 1121 4325; x_wconf 76' lang='lat' dir='ltr'><strong>p.201.</strong></span> <span class='ocrx_word' id='word_1_224' title='bbox 1142 4265 1292 4315; x_wconf 75' lang='lat' dir='ltr'><strong>Inlecxrrx.</strong></span> <span class='ocrx_word' id='word_1_225' title='bbox 1305 4268 1327 4315; x_wconf 79' lang='lat'><strong>9.</strong></span> 
     </span>
     <span class='ocr_line' id='line_1_28' title="bbox 249 4346 908 4414; baseline -0.006 0"><span class='ocrx_word' id='word_1_226' title='bbox 249 4367 367 4414; x_wconf 78' lang='lat' dir='ltr'><strong>rrscrc.</strong></span> <span class='ocrx_word' id='word_1_227' title='bbox 381 4367 418 4412; x_wconf 90' lang='lat'><strong>11.</strong></span> <span class='ocrx_word' id='word_1_228' title='bbox 616 4379 624 4398; x_wconf 86' lang='lat'>.</span> <span class='ocrx_word' id='word_1_229' title='bbox 855 4346 908 4410; x_wconf 70' lang='grc' dir='ltr'><strong>ιι</strong></span> 
     </span>
    </p>
   </div>
   <div class='ocr_carea' id='block_1_11' title="bbox 0 0 1994 5238">
    <p class='ocr_par' dir='ltr' id='par_1_14' title="bbox 0 0 1994 5238">
     <span class='ocr_line' id='line_1_29' title="bbox 0 0 1994 5238; baseline 0 0"><span class='ocrx_word' id='word_1_230' title='bbox 0 0 1994 5238; x_wconf 95' lang='lat' dir='ltr'><strong> </strong></span> 
     </span>
    </p>
   </div>
  </div>
 </body>
</html>
