3952 5238
151 599 371 688 msceres]
691 601 1015 669 APHRODISIAS.
1494 607 1558 670 273

143 787 321 855 tribuerim
346 785 478 852 inscitie
501 785 708 875 lapicidarum
735 788 791 874 qui
820 811 937 854 errores
968 787 1150 854 admiserint
1177 813 1322 855 sonorum
1349 790 1554 858 similitudine

145 893 294 982 decepti.

215 999 318 1082 Quod
331 1000 372 1066 ad
385 1024 477 1066 usum
489 1000 574 1066 vocis
589 1002 711 1082 attinet,
726 1003 860 1070 conferri
875 1017 1005 1092 possunt
1018 1004 1104 1069 tituli
1121 1027 1311 1094 congeneres
1326 1027 1419 1091 supra
1433 1027 1550 1070 memo-

141 1108 222 1186 rati,
239 1130 284 1171 sc.
295 1105 518 1173 Fellowsianus
533 1131 576 1173 ex
585 1108 676 1186 Tloe,
692 1121 724 1174 et
739 1109 913 1176 Attalensis
927 1127 1040 1176 noster.
1085 1109 1154 1176 Nec
1168 1112 1357 1198 respuebant
1365 1109 1478 1188 Attici,
1500 1135 1551 1176 ex.

141 1241 172 1282 c.
191 1213 450 1292 Demosthenes,
467 1214 638 1291 Isocrates,
649 1213 732 1279 inter
746 1227 853 1301 poetes
873 1213 1065 1301 Sophocles.
1112 1213 1227 1278 Sensus
1237 1213 1469 1302 metaphorieus
1483 1214 1550 1279 elu-

144 1320 251 1388 cescit
265 1321 301 1385 in
318 1319 430 1400 Sacris,
454 1343 496 1386 sc.
517 1319 660 1386 versione
675 1323 766 1386 cxx)
780 1334 813 1387 et
829 1320 861 1386 S.
881 1321 1003 1399 Paulo⁰‚
1018 1344 1060 1386 ex
1076 1343 1139 1406 quo
1158 1319 1264 1385 hausit
1278 1333 1446 1386 venustum
1461 1344 1551 1385 suum

144 1427 305 1494 Clemens
327 1425 574 1505 Alexandrinus,
601 1428 770 1514 conjunctu
798 1451 876 1494 voce
909 1428 1067 1505 ιὶνιὶκτιαις
1096 1427 1137 1492 ed
1162 1427 1402 1514 exprimendam
1434 1451 1549 1493 novem

142 1531 295 1598 indolem
313 1531 347 1596 in
369 1531 509 1598 humana
523 1546 627 1602 mente
643 1532 748 1599 denuo
763 1533 948 1599 aedificatum
964 1557 1020 1620 per
1036 1533 1300 1598 Testamentum.
1346 1532 1488 1600 Fortasse
1509 1557 1550 1598 ex

143 1637 269 1704 eodem
285 1636 371 1703 sonte
386 1638 591 1705 Antoninus&

219 1745 250 1806 7.
275 1742 565 1830 Ἐλλαγιμωτᾶτου.
610 1743 702 1810 Cous.
718 1744 757 1809 de
773 1767 851 1810 voce
867 1743 1007 1809 Passovii
1024 1741 1189 1808 Euchirid.
1206 1740 1245 1807 L.
1257 1742 1332 1808 Grf.
1378 1743 1484 1810 Obvia
1506 1759 1553 1810 est

141 1849 179 1913 in
198 1847 383 1926 Straboness,
402 1847 457 1913 ubi
473 1850 585 1927 πόλεις
600 1849 860 1937 ἐλλογιμώταται,
885 1859 918 1912 et
939 1846 974 1911 in
990 1845 1210 1913 Gruterianish.
1256 1847 1467 1934 Frequentius
1487 1867 1553 1916 erat

142 1958 294 2040 λόγιμος
317 1951 400 2018 inter
426 1952 589 2040 antiquos¹,
610 1953 696 2040 quod
714 1953 800 2020 verie
832 1951 978 2029 reddunt,
1002 1955 1203 2029 estimandus,
1228 1956 1370 2034 mum,
1385 1956 1552 2042 facundus,

142 2083 220 2146 quae
243 2057 351 2123 omnia
365 2059 559 2125 conveniunt
570 2084 643 2126 cum
659 2062 887 2150 σχολαστικός,
902 2059 963 2125 hoo
979 2073 1034 2138 est,
1051 2059 1179 2138 ἔκδικος,
1197 2061 1343 2146 defensor.
1396 2061 1552 2149 Interpre-

142 2181 236 2231 tutur
252 2163 436 2240 Meursiusk,
452 2166 634 2244 Advocato,
650 2165 807 2230 Patronus
830 2188 1000 2238 eumarum,
1024 2187 1161 2250 quocum
1185 2165 1390 2231 conferendus
1414 2181 1461 2232 est
1482 2167 1552 2233 Sui-

142 2270 250 2339 oerus¹
280 2294 322 2336 ex
343 2271 526 2360 Augustino
555 2285 588 2338 et
610 2272 714 2338 variis.
773 2273 893 2338 Munus
921 2295 1047 2359 quoque
1066 2271 1219 2359 judiciale
1242 2273 1277 2336 in
1301 2273 1472 2360 provinciis
1495 2299 1552 2362 pro

143 2377 256 2444 officio
288 2379 478 2444 exercebant
503 2377 699 2459 Scholastioi,
725 2402 777 2444 ex.
802 2403 829 2445 o.
856 2379 1015 2467 Agathias
1038 2377 1073 2444 in
1101 2378 1191 2444 Suid.
1211 2380 1426 2468 σχολαστικὸς
1447 2390 1553 2468 Σμυρ-

146 2491 281 2564 valcen-

214 2591 388 2680 Ampelius
402 2606 470 2659 erat
483 2605 516 2660 et
530 2601 645 2684 πατήρ,
661 2593 695 2659 id
710 2607 766 2674 est,
783 2597 923 2682 πάτρων,
936 2595 1091 2660 Patronus
1110 2591 1256 2660 civitatis.
1302 2593 1353 2658 De
1363 2592 1424 2659 hoo
1438 2591 1551 2681 magis-

142 2713 236 2768 tratu
251 2697 384 2764 disserui
398 2699 434 2765 iu
448 2699 556 2767 libello
571 2700 699 2788 priore²¹.

213 2803 301 2868 Ibid.
323 2803 535 2882 Ἰνδικτεῶοος
550 2809 579 2884 ἡ.
624 2803 675 2869 De
685 2803 808 2892 epoche
819 2801 1006 2869 Indictionis
1020 2801 1155 2890 pressius
1169 2802 1318 2888 loquutus
1329 2827 1398 2869 sum
1410 2803 1445 2868 in
1459 2827 1551 2892 opus-

142 2910 222 2977 culo
250 2908 426 2996 praedioto0.
472 2909 590 2997 Cyclas
614 2921 688 2986 erat,
704 2923 741 2974 ut
762 2922 883 2986 notum,
900 2931 1053 2974 annorum
1077 2907 1258 2994 quindecim
1276 2919 1309 2972 et
1332 2909 1553 2975 nominabatur

143 3015 200 3104 vel
223 3015 386 3081 Oaesereus
409 3013 461 3080 vel
484 3015 852 3104 constantinopolitanus
866 3015 918 3080 vel
943 3027 975 3080 et
994 3013 1155 3078 Romanus
1178 3025 1273 3102 prout
1297 3037 1370 3079 cum
1386 3035 1458 3080 vur.
1480 3013 1550 3080 Kal.

143 3120 303 3190 Octobris
317 3122 368 3187 vel
388 3145 461 3188 oum
477 3123 548 3190 Kal.
566 3124 760 3213 Septembris
782 3124 835 3190 vel
858 3124 986 3190 demum
1010 3145 1082 3188 oum
1108 3121 1179 3188 Kal.
1200 3120 1344 3187 Januarii
1369 3121 1551 3210 incipiebat.

145 3226 275 3296 Scribit
290 3225 439 3292 Pitiscusl’
453 3228 591 3316 primum
615 3228 822 3294 constitutum
848 3227 942 3293 fuisse
966 3228 1006 3294 ab
1027 3225 1273 3314 Imperatoribus
1288 3250 1346 3314 quo
1368 3229 1551 3315 temporem

143 3337 357 3401 mmontaum
370 3335 506 3422 fntqum
527 3337 638 3423 optimu
670 3335 743 3400 solvi
766 3344 909 3422 poterunt
932 3333 1056 3410 tributa,
1080 3331 1198 3419 quippe
1223 3334 1365 3416 (auctore
1391 3331 1552 3415 Peuvios)

143 3442 337 3508 [edictiones
361 3440 440 3504 urbii
459 3441 546 3506 aliud
568 3464 626 3506 esse
650 3463 743 3527 ptum
759 3440 969 3528 pausationes
993 3449 1021 3503 et
1036 3439 1153 3502 latua
1176 3460 1303 3524 quorum
1327 3461 1433 3516 canon,
1452 3439 1488 3502 id
1501 3451 1551 3516 est,

142 3551 270 3628 modus,
286 3549 445 3634 quoldum
463 3547 661 3612 indicebatur.
708 3543 891 3610 Secundum
906 3539 1052 3606 definivit
1067 3539 1293 3606 Constantinus
1309 3540 1455 3628 Magnus,
1471 3553 1503 3608 et
1517 3541 1551 3606 in

178 3761 190 3796 Ι
210 3754 279 3802 Oret
293 3751 328 3798 De
340 3751 422 3800 coron.
434 3765 456 3811 p
467 3753 522 3799 284.
537 3755 557 3797 1.
569 3750 646 3798 Reisk.
910 3741 923 3776 λ
939 3745 1011 3792 Inscr.
1023 3758 1046 3804 p.
1056 3755 1166 3790 nnxxxr.
1180 3745 1201 3790 0.
1215 3745 1237 3790 8.

178 3839 286 3899 *Eptst
296 3851 343 3885 vu.
356 3837 398 3884 ult
910 3825 1049 3874 *nemu
1063 3839 1078 3874 ι.
1094 3829 1146 3874 140.
1158 3829 1257 3874 tulus.
1270 3839 1306 3874 vr.
1318 3829 1371 3876 100.

178 3933 192 3960 ·
211 3925 322 3972 manin
336 3925 390 3970 006.
403 3923 468 3972 cont
477 3923 557 3982 Enrlp
569 3921 651 3970 Helua
663 3921 717 3969 721.
909 3910 922 3946 ¹
939 3911 1039 3962 aloen.
1052 3913 1197 3960 Graeoobmlu
1208 3913 1234 3959 ln
1243 3925 1291 3960 voc.
1302 3909 1484 3975 αχαλαοτιαός.

180 4009 194 4044 ⁵
211 4007 337 4058 moeson
347 4020 446 4055 xxxin.
457 4009 495 4055 21.
520 4007 558 4054 Ps
569 4019 602 4054 u.
613 4009 649 4054 10.
909 3995 916 4027 ¹
935 3996 1044 4044 ibatur·
1053 3996 1114 4043 Eccl-
1127 4011 1149 4057 p
1160 3999 1229 4046 1205.
1242 4013 1259 4045 α

177 4099 190 4126 ⁶
209 4091 296 4150 Ephes
310 4101 344 4136 ιν.
358 4091 397 4136 20.
910 4087 927 4113 ·
939 4081 997 4129 lbid.
1009 4096 1031 4142 p
1042 4083 1095 4130 120.

178 4183 192 4211 ⁴¹
212 4177 299 4225 Strom
314 4187 348 4221 tv.
361 4187 383 4232 p
394 4174 448 4221 504.
909 4165 1203 4227 *transumptus

177 4270 191 4298 ⁸
208 4261 318 4310 Meditat.
327 4271 362 4306 ιν.
375 4259 397 4304 0.
408 4253 522 4306 tvevtov
533 4253 651 4304 σεαυτόν.
908 4259 920 4284 ⁰
937 4253 995 4301 lbld.
1008 4268 1030 4314 p.
1041 4255 1093 4301 152.

180 4345 191 4380 ¹
209 4345 265 4394 Vol
274 4357 291 4392 r.
303 4359 326 4404 p
337 4345 391 4392 007.
404 4357 424 4389 ι
909 4341 922 4376 0
939 4335 1017 4383 lexie-
1029 4335 1125 4396 Anuqq.
1137 4334 1184 4382 vol.
1194 4347 1222 4382 u.
1235 4348 1256 4395 p.
1266 4336 1321 4382 024.

179 4427 265 4476 rLib
278 4439 338 4473 xus.
353 4429 373 4472 1.
385 4423 468 4484 p.118.
477 4421 504 4468 Τ.
909 4417 1145 4478 serueueram.
1158 4417 1184 4464 P.
1196 4419 1342 4478 tonan.

218 4527 337 4574 essere.
347 4527 384 4572 11.
835 4503 853 4566 2
869 4519 892 4566 u
