3992 5240
176 566 392 655 ruscum]
813 563 941 632 TEOS.
1511 569 1572 632 127

175 755 351 854 sepulcris
378 763 479 852 putet
507 778 555 827 ex
581 753 757 850 inscriptt.
789 753 848 827 cit.
876 754 1149 843 uForcelliuoq,
1177 766 1215 830 et
1244 755 1312 829 titt.
1338 753 1569 849 Buckhianis,

174 903 235 949 nn.
254 875 362 950 3278.
381 875 489 948 3281.
504 873 602 948 unde
619 883 657 947 et
672 873 918 972 colligendum
944 885 1049 972 putat
1064 875 1122 948 vir
1149 875 1278 950 doctus
1308 877 1417 950 situm
1444 899 1568 948 eorum

174 1003 287 1076 fuisse
305 1023 414 1100 super
430 1001 601 1076 macerias
618 999 679 1073 vel
696 1010 797 1098 septa
816 999 948 1073 tumuli
966 997 1196 1100 (θωρακεῖα),
1214 1014 1426 1100 argumento
1453 1003 1568 1099 petito

175 1151 226 1199 cx
242 1126 363 1200 verbis
392 1126 459 1198 τοῦ
490 1115 892 1224 κατεπῳκοδομημένου
923 1119 1115 1222 σωλαρίον
1131 1125 1171 1198 in
1187 1150 1219 1198 v.
1236 1129 1266 1200 7.
1285 1151 1310 1198 s.
1329 1126 1454 1200 obviis.
1524 1127 1568 1198 In

176 1252 286 1325 titulo
321 1251 429 1326 3278.
460 1253 494 1346 3,
529 1255 562 1324 4.
598 1249 730 1324 diserte
765 1263 1022 1325 enumerantur
1055 1264 1245 1326 structuras
1277 1253 1418 1340 tumuli,
1455 1237 1567 1340 οἶκος,

175 1365 331 1474 κλίμαξ,
352 1367 497 1466 κοιτῶν,
516 1363 703 1469 μεδιανόν,
723 1367 927 1472 τρίκλινον,
948 1369 1167 1470 ὀστοθῆκαι,
1185 1402 1341 1474 quorum
1367 1389 1470 1452 erunt
1495 1376 1566 1449 edi-

173 1504 268 1576 tiorc
285 1490 420 1574 κοιτῶν
436 1514 473 1576 et
489 1499 706 1595 caudunum,
723 1511 761 1574 et
776 1498 927 1574 fortasse
944 1501 1056 1599 ipsius
1073 1501 1194 1576 solarii
1210 1514 1338 1600 partes.

827 2385 920 2456 ΕΡΑΙ
944 2435 954 2454 .
982 2435 992 2454 .
1020 2385 1226 2454 .ΑΣΥΛοΝ

825 2499 1070 2568 ΜΙΝΕΝΔΟ.
1098 2547 1107 2566 .
1132 2500 1203 2568 ΚΑΙ

822 2611 1237 2683 ΣΕΦΟΣΟΝΚΕΩΜΕΝ

819 2725 1195 2794 Autumnum

820 2835 1190 2906 ΡΟΙΙὯΝΗΚΟΙΝΑΙ

814 2947 1181 3017 ΣΥΛΙΛΣΥΠΟΤΑΣ

798 3061 1130 3130 ΡΑΓΕΝΟΜΕΝΩΙ

791 3174 1176 3243 assummum

772 3285 1153 3357 ΟΣΜΟΙΟΙΤΟΚΑΕΙ

749 3396 1110 3469 ΟΔΙΔΟΜΕΝΤΟΣ

722 3510 1048 3580 ΝΥΡΟΔΙΚΟΙΑΓ
1050 3512 1076 3576 Γ
1078 3510 1134 3578 ΡΑ

698 3622 1164 3694 ΑΠΟΛΛΩΝΟΣΤΩΔΕΛ

685 3733 1213 3806 ΙὯΣΔΟΘΗΜΕΝΔΕΚΑΙΞΕ

665 3844 1206 3919 ΝΟΜΩΝΕΜΕΝΔΕΚΑΙΠΡΟ

376 3966 420 4036 15
547 3956 1210 4032 ΔΟΤΟΝΑΠΥΑΝΑΚΤΟΣΚΑΙΚΟ

519 4074 809 4144 ΑΥΤΟΣΚΑΙΕΓ
811 4075 837 4139 Γ
836 4071 975 4142 ΟΝΟΣ

473 4191 567 4260 ΡΟ.
595 4236 604 4255 .
622 4187 830 4256 ΡΡΗΝΙΩΝ

443 4387 456 4424 ‘¹
474 4380 555 4440 Conf.
569 4379 700 4439 Fabrstt.
715 4396 739 4436 c
748 4379 775 4434 2.
790 4395 819 4434 n.
828 4378 895 4436 238.
927 4373 1066 4448 Dorium,
1079 4372 1122 4432 cl.
1134 4389 1187 4430 x11.
1201 4391 1230 4428 n.
1240 4374 1267 4428 4.
