3956 5248
171 599 273 648 meon.
286 579 591 668 enxxur.,enrxrv.]
674 577 1041 647 PHILADELPHIA.
1495 583 1558 652 383

171 764 323 832 Diversus
345 765 438 854 plene
463 789 482 831 s
504 763 641 832 Buleute
655 765 858 845 Gerusisstes,
886 766 972 853 quod
996 767 1092 834 fidem
1117 767 1193 834 feeit
1215 769 1377 836 sententie
1392 771 1554 849 Bookhiil,

169 897 275 962 pereni
298 873 473 962 analogiam
487 873 642 940 exstitisse
660 873 743 941 inter
764 875 831 941 haec
845 875 978 964 collegio
992 899 1028 942 eo
1043 875 1126 944 iuter
1145 877 1249 945 Bulen
1266 877 1507 946 Atheniensium
1522 895 1555 945 et

171 979 336 1068 Prytaneo.

235 1085 286 1149 13.
308 1083 366 1152 Ἐν
380 1084 509 1173 μεγάλῳ
524 1089 634 1172 καιρῷ.
678 1083 810 1172 Nempe,
825 1096 957 1172 tempore
970 1087 1004 1150 in
1019 1109 1077 1172 quo
1090 1109 1209 1154 summo
1227 1113 1275 1156 ren
1288 1092 1442 1178 aqebuor.
1462 1092 1554 1160 Conf.

169 1190 343 1258 Demosth.¹
364 1198 485 1260 Τοῦτον
498 1196 603 1279 μέντοι
624 1193 681 1260 τὸν
695 1192 738 1280 τῷ
753 1197 811 1278 μὲν
825 1193 908 1282 ’ἔργῳ
922 1197 1008 1280 παρὰ
1022 1199 1098 1272 τοὺς
1111 1202 1282 1284 μεγίστους
1297 1203 1425 1287 καιροὺς
1438 1203 1555 1268 οὑτωσὶ

169 1301 258 1368 κοινὰ
273 1302 312 1366 τὰ
328 1301 405 1366 ὄντα
425 1305 469 1386 τῷ
492 1297 579 1386 δήμῳ
594 1304 777 1384 κεκτημένον
792 1329 818 1366 κ.
831 1329 858 1366 τ.
870 1300 902 1366 λ.
947 1300 1074 1378 Contra,
1089 1299 1123 1366 in
1137 1301 1249 1368 eedem
1263 1303 1413 1384 oratione,
1428 1305 1487 1372 sub
1501 1303 1555 1369 fin.

171 1411 231 1472 Kal
251 1389 355 1491 μικροὶ
376 1411 475 1491 καιροὶ
497 1405 648 1494 μεγάλων
663 1409 857 1493 πραγμάτων
872 1406 953 1475 αἴτια
967 1412 1120 1494 γίνονται.
1165 1407 1245 1474 Erat
1258 1407 1384 1476 fortasse
1400 1409 1485 1497 quod
1499 1433 1556 1476 nos

169 1509 312 1586 dicimus,
336 1533 356 1574 a
379 1533 483 1578 seaeou
501 1510 539 1598 ⁰s
548 1534 726 1598 emeryencffi
746 1534 797 1578 ex.
813 1535 840 1576 o.
864 1512 969 1600 grevis
992 1535 1134 1593 annonae,
1156 1526 1194 1578 ut
1212 1515 1556 1603 ειιριιᾶναγκαιότατοι

169 1622 272 1702 καιροί
295 1614 329 1679 in
347 1635 432 1681 cmx.
449 1619 477 1679 7.
493 1615 545 1680 vel
559 1624 697 1702 σεισμοῦ,
713 1641 775 1704 quo
798 1617 910 1706 supine
935 1616 1047 1684 inemto
1072 1617 1182 1685 vexati
1200 1618 1324 1688 fuerent
1348 1621 1426 1688 edeo
1452 1621 1557 1688 Phile·

170 1721 343 1811 delpheni¹.
868 1803 873 1814 .

233 1825 285 1892 De
301 1823 460 1892 Buleroho
474 1827 520 1914 (v.
532 1827 597 1910 25)
612 1825 687 1893 vide
701 1840 845 1896 notatum
859 1828 894 1894 in
909 1829 1074 1896 Fosoioulo
1089 1830 1210 1919 priorel

764 2033 957 2102 CLXXIV.

234 2184 264 2249 8.
285 2181 449 2251 Ἀναῗτειιι.
494 2181 595 2246 Erunt
611 2179 680 2247 ludi
700 2180 736 2245 in
755 2179 907 2248 honorem
930 2181 997 2250 dese
1010 2183 1173 2252 Anntidis
1193 2210 1288 2273 quem
1308 2209 1381 2253 oum
1396 2188 1501 2254 Diana
1521 2191 1555 2254 hi

168 2303 359 2378 comparent,
374 2287 422 2353 illi
436 2311 510 2354 oum
520 2288 657 2354 Venere.
687 2287 801 2354 cultus
811 2301 877 2354 eret
887 2289 1045 2377 precipue
1055 2289 1305 2357 Armeniorumm
1316 2293 1434 2376 (strab.
1444 2293 1555 2382 Plu),

167 2411 200 2462 et
213 2420 257 2462 ex
271 2395 321 2460 his
335 2393 461 2461 videtur
475 2395 510 2458 in
524 2393 636 2458 Asiam
651 2393 877 2460 oeoidentelem
891 2394 1084 2460 transivisse¹¹
1097 2395 1217 2482 (Streb.
1233 2398 1383 2488 Psuean.)

235 2499 405 2565 Habebunt
426 2496 552 2562 fortusse
577 2495 711 2561 Anaeitae
733 2519 789 2562 seu
812 2497 950 2578 Analoae,
972 2498 1027 2584 qui
1052 2523 1071 2564 e
1094 2499 1300 2591 ΤΙιιιιιγόιιΙιιο
1315 2517 1348 2570 et
1369 2505 1419 2571 nll.
1440 2527 1556 2573 memo·

165 2617 285 2685 rentur,
300 2625 416 2668 nomen
427 2624 519 2668 snum
533 2625 576 2666 ex
590 2599 650 2666 hee
664 2600 791 2689 regione
805 2615 933 2689 propter
946 2601 1185 2672 similitudinem
1197 2607 1299 2674 cultus
1313 2610 1468 2699 religiosi3
1483 2635 1556 2679 nem

167 2710 348 2779 Samiorum
361 2730 479 2774 numen
492 2719 560 2772 eret
570 2705 692 2773 Venus.

232 2815 478 2902 Oonjunguntur
491 2812 523 2877 h.
539 2812 560 2878 l.
577 2811 716 2878 Amitee
729 2836 802 2878 oum
825 2813 908 2879 ludis
929 2814 965 2880 in
986 2815 1137 2884 honorem
1151 2820 1370 2909 Augustorum
1394 2825 1554 2904 institutis

165 2946 237 3010 quse
251 2935 285 2987 et
300 2919 462 2987 Sebesmio
475 2916 736 3006 appellabuntur,
752 2918 831 2984 odeo
842 2935 879 2985 ut
889 2944 953 2986 uns
963 2922 1136 3011 eodemque
1145 2947 1305 3016 penegyre
1314 2928 1554 2998 celebrarentur.

232 3029 283 3092 14.
308 3025 450 3096 Εῑδικῶυ.
495 3022 615 3112 Recepi
625 3047 668 3089 ex
679 3048 841 3091 marmore.
886 3027 986 3093 Erant
1004 3029 1110 3099 Εέδικά
1124 3044 1157 3098 et
1170 3031 1275 3113 Ἰδικά,
1298 3035 1413 3121 quibus
1428 3038 1558 3104 adverse

168 3139 293 3215 Γενικά,
310 3137 407 3204 κοινά.
452 3132 574 3199 Pariter
593 3131 674 3200 Ἴδια
699 3147 731 3198 et
747 3138 849 3220 Δὴμια
875 3134 941 3200 sive
957 3140 1110 3221 Δημόσια.
1156 3138 1337 3208 Discrimen
1360 3143 1486 3210 fortasse
1501 3169 1555 3234 eg-

165 3241 300 3320 noveris,
320 3265 362 3307 so.
380 3242 486 3310 Εἶδικᾶ
513 3240 553 3308 ed
573 3239 763 3328 Collegium,
773 3241 855 3312 Ἴδια
875 3244 916 3309 ed
939 3243 1108 3312 Personam
1139 3247 1324 3315 attinentia:
1361 3273 1498 3338 nemque
1524 3267 1555 3318 et

199 3439 211 3472 ¹·
226 3439 288 3488 vioe
299 3439 325 3488 Q
342 3438 361 3484 I.
376 3451 403 3485 ιι.
417 3451 440 3497 p
457 3437 511 3485 627.
532 3449 553 3482 e.
569 3448 592 3482 n
611 3435 683 3482 2311.
702 3433 746 3498 (ex
763 3439 834 3482 nosu-
886 3453 937 3488 νισι
949 3458 971 3488 ιι.
979 3455 1001 3486 r.
1009 3441 1034 3490 λ.
1046 3442 1111 3491 eone
1121 3455 1167 3489 nn
1178 3443 1200 3490 3.
1212 3457 1234 3503 p.
1247 3444 1286 3491 43.
1311 3443 1416 3493 Fortasse
1426 3447 1472 3494 hue
1483 3451 1554 3510 respi-

167 3525 363 3589 rnvun)oollsto
373 3539 396 3570 n.
408 3525 480 3572 2782.
492 3524 531 3570 32.
544 3523 583 3569 37.
600 3518 740 3581 Annloglsm
751 3519 834 3580 Pryta-
884 3521 917 3568 cit
934 3535 1026 3583 qnoque
1043 3535 1098 3571 xvi.
1120 3527 1140 3572 1.
1159 3538 1182 3584 p
1199 3527 1254 3573 348.
1271 3525 1331 3575 Vide
1349 3543 1439 3591 quoqne
1457 3532 1517 3581 Plin.
1529 3547 1554 3580 v.

166 3617 231 3661 nium
239 3609 404 3661 manumissis
414 3609 494 3656 doetus
504 3621 536 3654 ex
547 3619 569 3652 ιι.
580 3606 633 3654 133.
643 3605 668 3652 in
676 3619 721 3665 quo
729 3603 836 3651 videntur
885 3608 924 3654 23.
939 3609 960 3654 1.
976 3620 1030 3655 xvr.
1050 3611 1088 3656 34.
1107 3611 1130 3657 2.
1149 3622 1243 3660 xxxin.
1260 3611 1299 3659 24.
1314 3613 1334 3659 1.
1352 3613 1419 3670 Quod
1435 3615 1464 3664 ds
1479 3617 1554 3668 Persiu

167 3695 288 3744 memorari
296 3694 463 3755 sympryunoe
473 3705 526 3740 oum
535 3691 622 3740 Senatu
632 3695 656 3737 et
664 3688 752 3750 Populo
760 3689 834 3737 Athe·
885 3703 955 3750 suprs
969 3691 1025 3738 dicit
1042 3693 1164 3740 oonflrmst
1182 3697 1260 3752 postes
1271 3691 1355 3742 Strabo
1369 3694 1394 3742 in
1410 3695 1460 3742 libr.
1473 3710 1516 3745 xv.
1530 3700 1552 3746 3.

168 3780 287 3827 sennam
884 3777 1019 3836 pueros

200 3865 206 3898 ¹
227 3866 292 3915 Oret.
310 3867 381 3910 oontr.
401 3861 489 3922 leptim
508 3875 531 3919 p.
550 3861 604 3907 470.
626 3860 662 3906 12.
678 3863 702 3905 st
719 3859 774 3906 636.
796 3861 833 3907 27.
917 3865 928 3890 ¹³
945 3859 1005 3906 Vide
1016 3859 1093 3908 Strab-
1104 3872 1209 3920 xnnrpr.
1219 3859 1343 3910 Τοιοῦτον
1354 3857 1379 3910 δέ
1391 3879 1414 3910 τι
1426 3860 1550 3926 καὶἭρό-

169 3953 245 4000 BQ,
884 3939 958 4000 ὅσιος
970 3941 1013 4006 (so.
1030 3957 1047 3990 1.
1060 3940 1113 4006 96.)
1125 3938 1195 4008 lipsa
1207 3943 1237 3993 τὸ
1252 3957 1312 4006 περι
1331 3945 1379 4002 τὰς
1396 3943 1489 4006 Aoede,
1507 3955 1550 3996 etc.

198 4035 210 4070 ι
226 4037 286 4085 vnle
298 4033 383 4082 Fsselc.
395 4047 412 4079 ι.
424 4032 491 4079 Pras.
501 4029 591 4078 12ιῦιὼ
603 4041 625 4090 p.
638 4031 677 4077 63.
883 4024 992 4086 Appellat
1002 4041 1056 4074 vero
1074 4025 1191 4086 Lydorum
1203 4027 1391 4086 superstitionem,
1404 4026 1550 4094 ’Δμιέμιὸος

227 4121 286 4170 [bid.
297 4133 336 4180 pp.
348 4119 387 4166 63.
398 4117 451 4164 163.
883 4108 1035 4170 'Aualerone
1048 4109 1181 4170 Peusrnlss,
1193 4111 1218 4160 ln
1228 4111 1279 4159 libr.
1288 4123 1326 4159 nr.
1336 4115 1372 4161 16
1386 4115 1407 4160 6.

198 4214 216 4240 ¹
227 4207 304 4256 strab.
313 4217 349 4251 ιιι.
364 4205 400 4250 14.
412 4216 435 4262 p
444 4203 499 4248 466.
510 4200 537 4246 Τ.
546 4196 672 4248 ”Arum
682 4198 730 4262 μὲν
741 4195 833 4246 οὖντὸ
915 4201 927 4226 ⁰
943 4195 1002 4242 Vide
1013 4208 1050 4242 ιιι.
1062 4196 1099 4242 13.
1108 4195 1189 4242 6213.
1203 4196 1240 4243 76.
1252 4199 1294 4242 ete
1307 4193 1395 4255 Soylee
1407 4210 1429 4255 p
1438 4197 1476 4246 27.

167 4297 220 4342 νῦν
230 4291 341 4353 Περσῶν
352 4285 408 4349 lopo
419 4285 462 4334 sal
475 4281 561 4344 Μῆδοι
572 4283 615 4332 rol
627 4280 756 4346 Ἀρμίνιοι
768 4297 834 4331 τιτι·
916 4287 928 4320 Ρ
944 4280 1040 4328 semel.
1051 4280 1075 4326 ln
1087 4279 1162 4330 Gaul
1175 4279 1233 4327 Lod.
1245 4277 1291 4326 vol
1304 4292 1336 4326 ιι.
1349 4293 1387 4339 pp.
1399 4283 1454 4330 436.
1467 4297 1485 4330 s.

165 4376 271 4444 μήκασι,
283 4375 315 4422 ιὰ
324 4370 349 4422 δὲ
358 4366 558 4432 τῆςἈναΐιιδος
567 4365 737 4432 διαφερόντως
744 4363 833 4433 Ἀρμε.
