3952 5238
185 557 287 608 asoa
297 541 427 631 mm]
724 541 1039 622 aennonrsras
1504 555 1569 628 ,ιιι

246 731 298 798 19.
324 731 437 808 Μηνὸς
452 737 621 817 Τραϊανοῦ.
665 725 716 794 De
730 750 836 794 mense
852 728 990 815 Trajano
1003 731 1152 820 Augusto
1171 755 1271 820 pauca
1288 734 1324 800 in
1343 734 1446 823 priore
1464 735 1569 806 Fasci-

180 837 251 904 culo
265 834 397 902 monuit
442 833 666 921 conjecturam
680 833 751 922 cepi
774 835 814 901 de
839 859 945 902 mense
960 838 1104 925 septimo,
1119 838 1155 904 id
1174 840 1260 926 quod
1273 842 1366 908 certis
1380 845 1571 932 argumentis

179 943 237 1010 vix
248 939 447 1030 probandum
461 963 541 1022 reor,
557 939 652 1006 nullis
666 939 851 1006 calendariis
872 966 942 1028 quae
963 957 1081 1010 restant
1094 946 1288 1014 mentionem
1302 948 1348 1014 rei
1362 947 1568 1016 facientibus:

178 1048 234 1115 sed
247 1047 333 1114 favet
347 1047 491 1136 analogia
505 1046 660 1112 mensium
681 1047 736 1133 qui
760 1063 912 1136 praeeunt,
936 1049 1067 1116 Sextilis
1088 1064 1121 1118 et
1141 1052 1303 1134 Quintilis,
1323 1079 1401 1142 quos
1427 1055 1569 1145 designa-

178 1153 280 1220 tiones
294 1176 365 1220 suas
379 1151 547 1218 mutavisse
562 1151 761 1216 notissimum
783 1165 840 1231 est,
859 1151 944 1220 hunc
958 1153 992 1217 in
1007 1153 1159 1220 honorem
1174 1157 1196 1222 J
1198 1157 1256 1223 ulii
1272 1159 1412 1240 Caesaris,
1429 1161 1570 1250 Augusti

177 1261 279 1326 illum.
330 1260 520 1328 Occasiones
541 1271 669 1326 narrant
693 1259 892 1338 Macrobius‘,
915 1261 1107 1340 Suetoniusss,
1134 1263 1222 1330 Diol·
1282 1266 1400 1334 Iisdem
1429 1268 1570 1357 vestigiis

176 1366 249 1430 nixi
263 1365 412 1454 colligere
427 1389 591 1454 possumus
605 1379 756 1432 eventum
771 1367 956 1455 praeclarum
978 1369 1014 1434 in
1028 1369 1094 1434 rita
1109 1370 1240 1457 Trajani
1256 1373 1473 1461 (adoptionem
1487 1375 1570 1455 dico,

177 1495 344 1560 perquam
369 1496 485 1540 nomen
507 1472 638 1540 Caesaris
661 1473 793 1562 adeptus
808 1488 854 1540 est
873 1489 906 1540 et
919 1489 1106 1562 potestatem
1129 1477 1356 1566 tribuniciam),
1377 1481 1571 1547 occasionem

178 1578 261 1666 paris
275 1578 403 1644 honoris
416 1578 572 1646 referendi
583 1579 760 1668 praebuisse.
806 1581 878 1646 Hoc
889 1605 965 1646 vero
976 1581 1072 1648 fiebat
1082 1582 1117 1646 in
1128 1583 1180 1648 die
1195 1584 1293 1650 natali
1307 1584 1432 1673 imperii
1446 1587 1569 1666 Nervae,

178 1707 292 1772 nempe
308 1705 376 1750 m.
392 1685 463 1750 Kal.
477 1685 632 1764 Octobris,
648 1697 686 1752 ut
698 1709 742 1752 ex
756 1685 860 1752 verbis
872 1685 972 1752 Plinii
986 1687 1187 1753 inferendum
1202 1688 1346 1755 videtud.

692 1941 1065 1979 *nassa*

243 2146 420 2215 Claudebat
448 2148 535 2214 hunc
561 2147 690 2214 titulum
714 2148 748 2213 in
774 2159 863 2237 parte
883 2148 1018 2216 abscissa
1044 2149 1296 2237 Stephanepbori
1325 2152 1455 2234 mentio,
1478 2167 1515 2220 ut
1536 2154 1570 2220 in

181 2255 290 2322 ceteris
304 2254 615 2343 Aphrodisiensibus‚
631 2253 670 2318 iis
684 2253 855 2341 prasertim
870 2253 927 2340 qui
946 2253 986 2320 de
1005 2277 1039 2319 re
1061 2254 1228 2342 sepulcrali
1254 2268 1361 2343 agunt.
1406 2257 1571 2346 Magistra-

181 2373 248 2426 tum
263 2375 398 2449 gesserat
411 2361 473 2426 hoc
492 2375 633 2448 tempore
648 2360 758 2448 procul
773 2359 870 2425 dubio
886 2357 972 2425 Zeno
987 2360 1125 2447 quidam,
1141 2361 1230 2446 cujus
1246 2374 1355 2427 atavus
1374 2376 1441 2429 erat
1453 2365 1570 2430 Archi·

180 2467 307 2532 medes:
329 2466 383 2532 sed
398 2465 532 2532 semissis
546 2465 713 2531 dumtaxat
727 2465 864 2530 nominis
878 2477 1029 2532 servatur.

237 2573 360 2639 Vocem
374 2576 620 2662 Στεφανηφόρος
630 2573 770 2640 breviter
784 2572 1132 2660 explicatPassovius¹13
1147 2577 1212 2642 eine
1222 2575 1441 2662 otetqteitttcte
1452 2577 1572 2646 Person

179 2681 213 2742 ia
223 2681 281 2745 den
295 2678 503 2747 &amanen
515 2679 648 2758 sadra
659 2681 708 2746 die
721 2681 778 2744 mit
789 2680 994 2746 demFlnmen
1004 2682 1179 2748 damma
1188 2682 1353 2768 oerqliclzen
1360 2683 1446 2760 rcird,
1458 2685 1502 2750 sic
1513 2709 1570 2752 ex·

181 2785 282 2873 posita
292 2799 397 2852 mente
403 2785 555 2854 Vandalii
564 2810 607 2852 ex
615 2787 706 2873 cujus
717 2787 998 2874 conjectationibus
1009 2801 1076 2853 erat
1082 2793 1330 2877 Στεφανηφόρον
1340 2789 1433 2856 fuisse
1439 2791 1572 2860 Flamen

180 2889 401 2976 Augustorum
425 2888 477 2955 vel
506 2887 708 2955 Sacerdotem
731 2887 931 2955 Neocorum:
962 2888 1046 2954 ludis
1069 2914 1161 2978 porro
1186 2916 1260 2957 eum
1287 2917 1324 2958 ac
1347 2896 1570 2964 certaminibus

180 2995 347 3084 praefirisse,
360 2996 446 3083 qnod
458 2997 508 3062 vir
525 2995 635 3062 doctus
646 3020 702 3086 per
716 2996 845 3062 titulum
862 2995 1056 3085 Sponianum
1073 3021 1167 3084 quem
1182 2999 1215 3063 in
1230 2999 1337 3066 libello
1351 3001 1462 3090 priore¹
1476 3005 1570 3070 retuli

180 3101 352 3169 confirmat.

244 3209 448 3298 Magistratus
470 3208 542 3274 ideo
561 3219 629 3272 erat
647 3205 821 3272 secundum
837 3205 1031 3273 Vandalium
1046 3211 1249 3288 merdotalia
1263 3210 1450 3280 reclamante
1464 3225 1571 3280 tamen

180 3315 351 3382 lleinesiom
374 3315 430 3401 qui
454 3315 494 3381 ad
513 3316 653 3404 politicos
672 3327 822 3379 accenset.
870 3313 980 3402 Pergit
994 3313 1047 3391 V.‚
1065 3313 1161 3381 citato
1178 3315 1351 3382 Athenaeo¹¹
1363 3318 1421 3404 qui·
1440 3318 1569 3407 Lysiam

179 3433 340 3500 memorat,
354 3420 649 3509 Stephanepborum
664 3419 859 3498 Tarsensem,
874 3443 962 3485 suam
974 3419 1148 3486 doctrinam
1162 3420 1286 3488 firmare
1297 3447 1350 3489 eos
1365 3424 1459 3490 fuisse
1470 3449 1568 3492 sacer-

179 3529 267 3594 dotes
278 3527 408 3592 minime
427 3526 565 3614 vulgaris
585 3537 678 3604 uotae,
694 3525 749 3590 sed
764 3525 852 3610 quasi
875 3525 1045 3591 Pontifices
1065 3549 1191 3592 suarum
1210 3526 1346 3594 urbium.
1392 3530 1569 3597 Certecon-

210 3725 220 3748 ²
240 3718 299 3779 Pag.
312 3719 352 3764 60.
364 3719 399 3764 tit.
412 3730 487 3765 xvur.
503 3721 525 3766 8.
899 3724 986 3766 certum
997 3725 1032 3766 est
1043 3720 1177 3780 adoptatmn
1184 3719 1253 3768 fidus
1263 3720 1390 3782 Trajannm
1400 3728 1424 3769 ct
1433 3729 1569 3783 potestatem

210 3799 222 3833 s
239 3802 374 3851 Saturnalr
391 3805 428 3850 12.
438 3818 460 3864 p.
470 3806 524 3852 261.
535 3804 588 3864 Bip.
899 3800 1046 3848 tribuniciam
1067 3809 1232 3862 consequutum
1249 3803 1274 3849 ln
1296 3809 1420 3852 annnmno
1435 3805 1465 3852 U,
1477 3806 1503 3854 C.
1514 3809 1568 3853 866.

210 3893 223 3926 ¹
239 3886 268 3932 In
279 3885 375 3944 Omra
388 3899 477 3934 nxxvr.
900 3885 960 3932 Vide
971 3885 1065 3933 Eclrbel
1075 3887 1115 3934 ubi
1126 3901 1187 3948 supr.
1199 3903 1221 3948 p
1231 3891 1286 3936 466.

210 3965 221 4000 '¹
238 3969 288 4016 Lib
301 3981 373 4016 mv.
387 3971 410 4016 6.
427 3981 468 4016 nv.
481 3972 502 4016 6.
933 3969 944 4004 ¹
962 3973 1138 4022 Handwbrterb
1150 3975 1192 4022 dor
1203 3975 1243 4024 Gr.
1253 3974 1305 4035 Spr.
1317 3975 1361 4022 rol
1375 3989 1402 4022 ιι.
1414 3991 1435 4036 p.
1449 3979 1503 4024 956.
1515 3993 1535 4024 a

223 4053 230 4086 ¹
242 4055 357 4116 Panegyr.
368 4069 401 4102 ca
413 4067 472 4102 vrrr.
483 4067 547 4103 xcrr.
589 4055 656 4104 nont.
668 4055 763 4103 Rckhel.
777 4057 806 4104 D.
819 4057 850 4105 N.
962 4059 1007 4106 Tit.
1019 4060 1042 4106 b
1054 4059 1140 4108 Fascia
1150 4073 1166 4107 r.
1184 4074 1206 4120 p
1219 4063 1272 4108 149.

178 4138 230 4187 Vct.
242 4138 269 4186 T.
286 4151 322 4185 rr.
343 4151 365 4198 p.
376 4139 431 4186 toa.
444 4139 466 4186 b.
479 4150 511 4184 ax
526 4137 643 4199 Eutropio,
657 4143 681 4186 et
691 4139 811 4200 Belleyum
825 4141 850 4187 in
934 4151 951 4176 ¹¹¹
964 4144 1087 4207 syntagm.
1099 4146 1169 4194 Inscr.
1182 4146 1218 4194 Gl.
1228 4159 1244 4193 r.
1256 4161 1279 4194 n.
1293 4149 1330 4194 72.
1342 4153 1389 4194 not

178 4225 247 4272 Mena
259 4225 300 4272 des
310 4223 339 4271 B.
348 4223 374 4270 Ι.
386 4227 441 4271 tom.
454 4237 509 4270 rm.
521 4224 607 4284 aete.
617 4225 657 4286 qni
671 4239 725 4272 cnm
737 4226 851 4274 Panvtnlo
934 4234 945 4259 ¹¹
963 4228 1014 4276 Lib.
1026 4242 1050 4276 v.
1062 4231 1100 4277 54.
1112 4243 1136 4290 p.
1148 4231 1203 4277 215.
1215 4232 1237 4277 b.

179 4309 203 4355 in
219 4309 280 4356 Fert,
292 4321 320 4355 rr.
341 4309 430 4368 aare.
451 4307 573 4356 mnsentit.
618 4309 742 4369 Utcunque
753 4309 796 4357 hoc
811 4310 848 4368 sit,
