3952 5238
162 571 506 656 ursos.cxrrr.,cxrv.]
720 570 1019 644 OELENDERIS.
1501 589 1564 653 347

159 752 265 820 titulo
282 751 455 842 Smyrnaeo,
470 778 565 841 quem
580 778 622 822 ex
639 755 758 845 Sponio
773 760 913 847 expressi
930 760 965 826 in
980 761 1083 850 priore
1099 763 1285 848 Fasciculm,
1301 792 1399 855 quum
1419 771 1562 840 usitatior

159 857 267 922 fuerit
281 859 476 924 consuetudo
490 859 655 949 designare
676 884 733 950 per
748 864 877 943 Βουλάς
891 877 1015 930 senatus
1030 865 1212 934 Graecorum
1226 869 1260 936 iu
1271 873 1451 958 provinciis.
1502 880 1560 944 At-

159 965 332 1032 tamenin
352 967 489 1034 nummis
512 968 607 1034 etiam
630 969 838 1058 conspicimus
861 972 990 1038 titulum
1007 973 1220 1042 fastosiorem:
1242 1003 1294 1044 ex.
1317 1005 1345 1046 c.
1369 981 1560 1050 Autonomis

161 1078 394 1160 Trullensium,
419 1075 868 1146 ΙΕΡΑ.ΟΥΝΙ<ΛΗΤΟΟ.
892 1107 986 1170 quem
1001 1085 1081 1150 etin
1098 1085 1290 1175 smyrnam.
1336 1090 1419 1171 Hoc,
1442 1093 1503 1158 nisi
1527 1096 1559 1160 in

158 1187 256 1254 hisce
279 1211 460 1262 censeamus
484 1186 635 1254 Senatum
650 1188 863 1256 Romanorum
878 1190 1024 1279 intelligi,
1037 1205 1073 1258 ut
1097 1193 1131 1257 in
1152 1207 1228 1260 nota
1247 1196 1288 1262 ad
1311 1197 1439 1264 titulum
1468 1223 1561 1288 supra

159 1307 379 1361 memoratum
392 1294 426 1360 in
441 1293 549 1370 libello
564 1294 668 1384 priore
683 1310 834 1363 statutum
849 1298 1005 1387 reperient
1019 1298 1160 1366 lectores.

234 1402 289 1466 16.
311 1401 444 1470 Μύσται.
499 1400 550 1468 De
576 1400 691 1488 Mystis
714 1403 797 1468 conf.
821 1402 882 1468 titt.
910 1403 1088 1492 Smymaeos
1111 1405 1260 1487 Bdckhii,
1282 1432 1335 1474 nn.
1356 1410 1449 1476 3173.
1467 1411 1560 1478 3176.

159 1509 264 1576 3194.
294 1509 387 1574 3310.
411 1507 468 1576 ubi
490 1508 642 1577 habemus
666 1511 804 1591 σύνοδος
818 1519 957 1600 μυστῶν,
973 1513 1112 1591 σύνοδος
1127 1521 1192 1583 τῶν
1206 1523 1334 1598 μυστῶν
1348 1529 1403 1596 τῆς
1417 1519 1560 1606 μεγάλης

159 1617 243 1694 θεᾶς
271 1620 337 1702 πρὸ
365 1617 492 1694 πόλεως
519 1621 701 1706 Δήμητρος,
727 1631 855 1682 etcum
881 1615 1053 1682 artificibus
1082 1617 1216 1706 Dionysi
1250 1619 1352 1684 Brisei
1377 1621 1561 1706 conjunctos

156 1729 290 1808 μύστας
304 1721 338 1787 in
351 1737 510 1788 conventu
524 1721 685 1812 singulari,
701 1745 733 1786 n.
750 1721 842 1788 3190.
888 1720 1039 1786 Praesides
1053 1721 1178 1810 collegii
1194 1723 1348 1813 designati
1364 1725 1511 1792 videntur
1525 1727 1559 1792 in

157 1853 192 1894 n.
207 1827 308 1895 3173.
326 1827 374 1890 17.
390 1849 413 1892 s.
429 1823 655 1912 πατρομύσται,
665 1835 771 1912 patres
787 1823 821 1906 (i.
834 1847 863 1888 e.
879 1823 1065 1912 principes),
1080 1837 1254 1912 mystarum.

231 1931 448 1998 Recensentur
461 1929 495 1994 in
510 1951 624 2018 genere
643 1927 860 1996 aPlutarcho⁸
873 1927 992 2014 Ἱερεῑς,
1020 1928 1153 2007 Μύσται,
1171 1939 1399 2022 Μυσταγωγοί,
1425 1957 1558 2020 quorum

158 2039 196 2106 hi
213 2063 235 2104 a
251 2035 407 2126 Dionysio
422 2037 581 2124 Areopag.
597 2051 630 2102 et
639 2038 751 2121 μύσται
766 2048 927 2098 vocantur.

799 2338 927 2406 CXIV.

231 2514 262 2576 1.
284 2507 428 2587 Ἐυθῖιδε,
443 2521 503 2574 etc.
546 2506 683 2582 Titulus,
698 2518 735 2570 ut
749 2503 858 2572 monui
882 2503 916 2568 in
932 2503 1008 2571 VV.
1022 2503 1101 2582 Lu,
1119 2503 1155 2569 in
1169 2503 1346 2572 Celenderi‘
1358 2505 1509 2595 repertus,
1525 2523 1557 2576 et

155 2621 193 2686 in
210 2617 347 2684 lectione
363 2637 391 2680 v.
403 2617 432 2679 7.
448 2613 625 2702 discrepans
640 2636 658 2677 a
672 2611 903 2688 Beaufortiano,
918 2609 953 2676 in
968 2609 1164 2676 Chelidoniis
1179 2610 1344 2699 descripto.
1375 2612 1555 2681 Barbetium

154 2738 252 2795 sonat
267 2741 300 2790 et
314 2733 400 2802 κεῖτε,
416 2721 475 2788 aevi
490 2719 641 2808 sequioris
656 2743 713 2807 pro
728 2729 831 2798 κεῖται,
847 2731 880 2784 et
893 2717 1002 2805 poesin
1017 2729 1175 2782 ostentans
1189 2717 1288 2784 stilus.

228 2831 293 2896 Pro
316 2831 439 2900 Βίλλον
464 2828 499 2894 in
520 2853 552 2893 v.
579 2829 609 2894 7.
640 2825 768 2892 videtur
792 2825 944 2892 Francius
969 2824 1133 2912 praelatum
1156 2825 1271 2892 habere
1300 2828 1434 2898 Κίλλαν.
1479 2829 1550 2898 Hoc

157 2957 282 3007 temere
297 2937 426 3014 dictum,
446 2959 520 3002 nam
534 2931 721 3000 crediderim
740 2955 856 2998 nomen
879 2930 1078 3020 impertitum
1107 2929 1200 2998 fuisse
1215 2955 1258 2997 ex
1281 2955 1422 3000 sermone
1446 2937 1556 3023 patrio,

155 3071 228 3112 non
254 3044 375 3110 Gmeco.
435 3042 514 3108 Erat
537 3041 687 3108 nimirum
711 3037 934 3106 commercium
958 3036 1165 3104 arctissimum
1181 3037 1317 3104 Cilicum
1346 3062 1418 3104 cum
1446 3040 1554 3128 Syris3

155 3154 263 3218 immo
276 3149 376 3237 ipsam
388 3145 578 3214 Celenderin
592 3145 687 3211 fuisse
702 3169 720 3211 a
733 3143 814 3234 Syro
829 3143 965 3230 quodam
978 3141 1136 3208 Sandocoe
1147 3157 1338 3210 exstructam
1352 3145 1497 3214 novimus
1511 3173 1554 3215 ex

160 3258 369 3348 Apollodoro.
414 3255 501 3338 Quid
520 3255 618 3343 igitur
632 3267 718 3320 vetat
737 3265 883 3340 putemus
908 3252 947 3318 ab
962 3249 1083 3338 origine
1100 3247 1258 3326 Chaldaea,
1281 3271 1394 3336 nempe
1411 3235 1471 3333 Ἄ,
1494 3277 1553 3330 cor,

155 3374 290 3446 animus,
306 3383 343 3434 ut
356 3367 401 3434 sic
415 3365 589 3432 aarum!
611 3365 767 3430 audiverit
789 3364 873 3452 apud
897 3363 1064 3430 familiares
1082 3360 1210 3448 juvenis
1225 3360 1374 3427 dilectus?
1425 3360 1554 3427 Prorsus

155 3476 237 3542 huic
257 3471 405 3540 convenit
419 3468 586 3559 appellatio
599 3467 748 3542 Romana,
761 3493 813 3534 cor
826 3471 949 3534 mrum!
970 3470 1071 3535 aalma
1090 3468 1156 3532 mil
1171 3466 1223 3532 cui
1238 3467 1348 3532 similis
1362 3467 1396 3532 in
1407 3469 1552 3534 omnibus

154 3589 235 3664 fere,
251 3607 327 3670 quas
341 3579 426 3657 novi,
441 3577 558 3668 linguis
572 3591 683 3646 exstat.
717 3578 776 3644 Est
790 3601 915 3664 quoque
930 3575 1109 3652 Arabicam,
1128 3565 1178 3663 dl!

192 3881 204 3908 θ
221 3873 279 3934 Pag.
293 3873 346 3920 199.
879 3877 906 3912 11.
917 3867 955 3912 80.
973 3863 1087 3911 Memorat
1094 3864 1240 3925 etdosaphus,
1247 3865 1327 3928 Antiq.
1335 3867 1358 3916 J.
1366 3882 1428 3917 xvu.
1441 3872 1492 3918 Μ.
1505 3871 1549 3921 His

190 3959 203 3993 ὓ
220 3956 316 4006 Echkel.
324 3967 353 4004 11.
365 3969 388 4014 p
398 3955 453 4002 554.
464 3967 487 4000 a.
879 3950 993 4010 adjungas
1004 3949 1098 3997 Fckhel.
1112 3962 1152 3998 nr.
1166 3965 1188 4010 p.
1199 3953 1237 3998 ol.

190 4051 202 4079 ⁸
219 4041 332 4092 Aldbiad
347 4052 441 4087 xxxiv.
457 4037 523 4088 (rom
537 4049 601 4084 uxrr.
911 4041 924 4068 ¹
939 4035 983 4082 Vel
999 4034 1108 4090 Sandaro,
1119 4035 1212 4081 'Ilthoni
1220 4041 1308 4096 nepote,
1322 4037 1351 4094 ὃς
1360 4037 1547 4100 (roquitApollo-

192 4127 203 4165 l
221 4128 312 4177 Dehas
326 4124 487 4173 nrbeOllloum
496 4120 827 4179 videssnb.x1v.5.p.2rr.
878 4115 958 4179 doma)
987 4115 1013 4165 le
1038 4116 1134 4178 Συρίας
1161 4114 1244 4166 ἐλθὼν
1268 4117 1304 4177 εἰς
1321 4120 1443 4170 Κιλικίαν
1465 4122 1546 4175 ἔκτισε

154 4220 184 4267 τ.
203 4213 366 4264 Prolam.v.8.
385 4208 558 4269 scynepss.
577 4206 669 4253 Pliuv.
683 4206 757 4254 222.
776 4204 828 4251 Me-
879 4199 1040 4262 Κελένδεριν.
1071 4202 1133 4252 Bibl.
1150 4217 1187 4250 m.
1204 4205 1240 4251 13.
1257 4207 1279 4252 8.
1305 4203 1433 4265 Suprema
1452 4209 1504 4255 obv.
1522 4210 1546 4258 ln

153 4305 213 4361 lm,
227 4311 317 4349 mxv.
329 4293 487 4346 “entellum'’
498 4291 598 4354 appellat
609 4288 825 4340 TacinuinAnml.
877 4289 926 4336 cod
938 4301 994 4335 sacr.
1007 4301 1090 4335 nomm
1104 4291 1169 4381 Q,
1182 4293 1209 4336 ut
1219 4289 1352 4350 lnPnralip.
1362 4303 1380 4339 ι.
1394 4292 1431 4338 12.
1444 4294 1482 4342 28.

804 4383 888 4446 2ῑῖ
