4004 5264
857 588 1208 657 INSORIPTIONES
1230 589 1422 656 GRAEOAE.
1558 589 1680 676 [mscn.
1695 608 1832 653 mxm.

1108 785 1172 852 ΖΗ

695 896 1594 968 ΟΒΩΜΟΣΚΑΙΗΣΟΡΟΣΕΣΤΙΝΟΥΛΠΙΟΥΧΑ

701 1009 1588 1081 ΡΙΤΩΝΟΣΙΑΤΡΟΥΕΙΣΗΝΣΟΡΟΝΤΕΘΗΣΕ

694 1121 1576 1193 ΤΑΙΑΥΤΟΣΚΑΙΦΛΘΛΑΣΙΑΗΓΥΝΗΑΥΤΟΥ

525 1237 546 1306 5
700 1235 1550 1306 ΚΑΙΟΥΛΠΙΟΣΑΠΕΛΛΑΣΟΥΙΟΣΑΥΤΩΝΕ

698 1349 1574 1420 ΤΕΡΟΣΔΕΟΥΔΕΙΣΤΕΘΗΣΕΤΑΙΕΝΑΥΤΗΕ

699 1461 1553 1533 ΠΕΙΟΘΑΨΑΣΕΤΕΡΟΝΑΠΟΤΕΙΣΕΙΕΙΣΤΕΙ

883 1573 1410 1648 ΜΑΣΤΩΝΣΕΒΑΣΤΩΝΧΙΞ

599 1771 1735 1846 ΟΜΟΙΩΣΕΙΝΑΙΚΑΙΤΑΣΠΑΡΑΚΕΙΜΕΝΑΣΤΩΒΩΜΩΚΑΙ

502 1888 548 1959 10
598 1888 1068 1959 ΤΩΣΟΡΙΩΕΙΣΩΣΤΑΣ.
1089 1887 1224 1954 .ΠΛΑ.
1248 1933 1257 1952 .
1276 1886 1311 1952 Μ
1323 1933 1331 1951 .
1344 1888 1374 1952 Ν
1386 1932 1395 1951 .
1407 1883 1784 1952 ΣΤΡΕΙΣΟΥΛΠΙΟΥ

601 1996 1698 2071 ΧΛΡΙΤΩΝΟΣΕΞΩΝΜΙΑΝΕΙΝΑΙΚΟΡΝΗΛΙΑΝΟΥΤΟΥ

598 2109 1722 2183 ΥΙΟΥΑΥΤΟΥΤΗΝΔΕΜΙΑΝΔΙΟΝΥΣΙΟΥΤΟΥΔΙΟΝΥΣΙ

600 2222 1727 2297 ΟΥΤΟΥΤΑΤΙΑΣΥΙΟΥΤΗΣΓΕΝΟΜΕΝΗΣΧΑΡΙΤΩΝΟΣ

604 2335 1690 2410 ΓΥΝΑΙΚΟΣΤΗΝΔΕΤΡΙΤΗΝΟΥΛΠΙΟΥΑΠΕΛΛΑΤΟΥ

1009 2450 1285 2521 ΥΙΟΥΑΥΤΟΥ

456 2690 664 2792 Ζήσαντος.
720 2685 770 2768 ‘O
795 2685 923 2789 βωμὸς
956 2690 1016 2767 καὶ
1054 2688 1077 2788 ἡ
1117 2683 1233 2791 σορός
1272 2689 1377 2768 ε’στιν
1411 2689 1587 2768 Οὐλπίου
1616 2689 1842 2792 Χαρίτωνος,

455 2829 594 2925 ἰατροῦ·
629 2826 679 2905 είς
702 2817 749 2922 ἣν
768 2818 889 2926 σορὸν
915 2820 1113 2923 τεθήσεται
1133 2819 1244 2906 αὐτὸς
1263 2825 1324 2902 καὶ
1344 2823 1498 2918 Φλαβία
1516 2823 1685 2920 Θλασία,
1705 2823 1728 2924 ἡ
1751 2819 1842 2926 γυνὴ
1977 2851 1978 2926 Ῑ

455 2955 582 3050 αὐτοῦ,
603 2955 663 3034 καὶ
682 2956 855 3039 Οὔλπιος
873 2951 1080 3051 Ἀπελλᾶς,
1101 2956 1121 3034 ὁ
1147 2950 1224 3038 υίὸς
1244 2956 1374 3034 αὐτῶν·
1397 2956 1521 3059 ἕτερος
1542 2953 1581 3035 δὲ
1602 2957 1720 3040 οὐδεὶς
1738 2955 1843 3057 veel·
1977 2959 1978 2966 '

457 3120 564 3166 σεται
584 3088 624 3166 ἐν
636 3087 743 3192 αὐτῇ,
764 3090 843 3168 ἐπεὶ
863 3090 883 3167 ὁ
905 3086 1030 3196 θάψας
1043 3089 1170 3192 ἕτερον
1184 3087 1356 3168 ἀποτίσει
1373 3094 1424 3173 είς
1435 3086 1543 3189 τιμὰς
1556 3095 1630 3169 τῶν
1641 3093 1844 3185 Σεβαστῶν

1047 3217 1203 3324 δηνάρια
1222 3255 1266 3327 fi.

457 3409 619 3509 Ὁμοίοις
638 3405 730 3492 εἶναι
749 3415 809 3493 καὶ
829 3411 895 3499 τὰς
914 3417 1183 3520 παρακειμένας
1214 3421 1265 3526 τῷ
1284 3419 1399 3524 βωμῷ
1420 3420 1480 3498 καὶ
1506 3420 1557 3526 τῷ
1588 3417 1707 3526 σορίερ
1738 3417 1842 3500 είσοί·
1977 3455 1978 3482 ³

459 3579 553 3628 στας
571 3545 864 3646 πεπλακωμένας
875 3555 973 3651 τρεῖς
985 3550 1160 3630 Οὐλπίου
1171 3551 1399 3654 Χαρίτωνος.
1415 3548 1459 3656 ἐξ
1477 3543 1529 3630 ὧν
1539 3551 1628 3649 μίαν
1640 3545 1732 3630 εἶναι
1748 3557 1845 3655 Χορ-

460 3684 650 3776 νηλιανοῦ,
670 3685 737 3757 τοῦ
771 3683 852 3758 υἱοῦ
882 3680 1008 3778 αὐτοῦ,
1029 3677 1098 3783 τὴν
1129 3681 1169 3761 δὲ
1191 3684 1281 3784 μίαν
1300 3685 1506 3764 Διονυσίου
1538 3693 1605 3765 τοῦ
1629 3689 1844 3782 Διονυσίου,

459 3815 526 3886 τοῦ
544 3806 683 3891 Τατίας
703 3811 796 3905 υἱοῦ,
817 3813 882 3909 τῆς
901 3811 1102 3914 γενομένης
1121 3815 1336 3918 Χαρίτωνος
1355 3811 1541 3917 γυναικός,
1562 3813 1631 3918 τὴν
1656 3816 1695 3898 δὲ
1721 3820 1847 3926 τρίτην

800 3945 975 4025 Οὐλπίου
995 3944 1181 4045 Ἀπελλᾶ,
1201 3957 1267 4029 τοῦ
1287 3953 1368 4029 οἱοῦ
1387 3951 1513 4030 αὐτοῦ.

462 4213 630 4310 Thlaeiae,
653 4241 736 4290 cum
765 4215 840 4290 filio
871 4217 1013 4316 Apella,
1045 4219 1209 4293 destinat.
1270 4221 1365 4294 Dein
1392 4223 1540 4298 cellulas
1570 4238 1654 4321 tres,
1677 4253 1759 4324 quae
1781 4251 1848 4301 arae

461 4336 585 4409 subter
603 4336 862 4436 sarcophagum
879 4337 1100 4435 adjacebant,
1126 4353 1392 4436 commemorat,
1420 4367 1508 4440 quas
1527 4343 1677 4422 Charito
1704 4372 1769 4445 per
1785 4360 1849 4421 tes·
1977 4375 1978 4446 ι
