4004 5264
424 549 464 614 52
829 535 1181 608 INSCRIPTIONES
1204 535 1396 604 GR'AEOAE.
1551 535 1670 618 [meon.
1686 553 1809 598 mvn.

425 740 543 824 οὐδεὶς
574 734 615 817 δὲ
640 735 716 843 ἕξει
746 733 926 841 ἐξουσίαν
956 729 1117 839 ἐνθύφαι
1137 727 1220 812 τινὰ
1239 729 1364 834 ἕτερος
1382 723 1406 829 ἢ
1427 724 1589 835 ε’κθοίψαι
1609 731 1817 826 σωματεῖον

425 877 499 952 τῶν
519 867 751 976 ἐνταφέντων
781 869 827 972 τῇ
859 867 925 947 τοῦ
946 861 1143 950 Γλύκωνος
1161 860 1361 963 βουλήσει,
1382 861 1468 942 οὔτε
1488 857 1549 940 διὰ
1568 859 1816 967 ψηφίσματος

428 1003 513 1084 οὔτε
533 997 578 1080 δι’
600 997 797 1106 ἐντεύξεως
816 997 1037 1101 ἡγεμονικῆς
1057 997 1141 1076 οὔτε
1161 995 1272 1103 ἄλλῳ
1290 989 1416 1100 τρόπῳ
1436 991 1570 1089 οὐδενί,
1592 989 1678 1071 οὐδὲ
1697 993 1816 1072 ἀπαλ·

430 1141 637 1240 λοτριῶσαι
657 1133 742 1215 οὐδὲ
761 1135 1005 1235 μετακινῆσαι
1029 1127 1097 1232 τὴν
1116 1127 1249 1235 σορόν,
1270 1131 1349 1210 ἐπεὶ
1369 1129 1389 1209 ὁ
1409 1123 1551 1210 τούτων
1570 1161 1605 1208 τι
1624 1123 1819 1226 τολμήσας

430 1265 453 1372 ή
476 1267 730 1376 συγχωρήσας
751 1269 924 1350 ἀποτίσει
943 1270 995 1376 τῷ
1008 1263 1191 1374 ἱερωτάτη
1205 1265 1340 1373 ταμείιρ
1351 1257 1508 1368 δηνάρια
1519 1260 1817 1365 πεντακισχίλια,

430 1393 482 1481 ὧν
501 1396 545 1481 τὸ
566 1400 694 1504 τρίτον
713 1397 914 1503 γενήσεται
933 1399 999 1478 τοῦ
1018 1395 1296 1500 ἐκδικήσαντος.
1353 1393 1502 1498 Ταύτης
1525 1399 1589 1496 τῆς
1612 1398 1819 1501 ἐπιγραφῆς

432 1531 591 1634 ἀπετέθη
612 1531 845 1640 ἀντίγραφον
875 1533 936 1612 καὶ
970 1536 1020 1616 εἰς
1050 1527 1094 1610 τὸ
1125 1523 1411 1635 χρεωφυλοίκιον
1441 1529 1502 1608 ἐπὶ
1527 1522 1819 1634 στεφανηφόρον

479 1660 522 1745 τὸ
538 1663 844 1768 τρισκαιδέκατον
853 1657 1076 1745 Ἀτταλίδος
1097 1664 1162 1760 τῆς
1177 1656 1452 1762 Μενεκράτους,
1462 1655 1579 1760 μηνὸς
1593 1659 1791 1744 Ξανδικοῦ.

509 1858 746 1956 Designatum
772 1869 829 1931 est
850 1879 916 1956 per
931 1855 1030 1929 hunc
1048 1855 1196 1930 titulum
1212 1853 1400 1953 cujusdam
1419 1853 1598 1954 Glykonis
1615 1878 1819 1928 monumen·

434 1989 522 2064 tum,
540 1978 600 2051 cui
616 1977 795 2075 possessio
817 1975 1028 2050 confirmate
1043 1974 1161 2049 fuerat
1183 1975 1342 2050 editione
1356 1977 1449 2072 juris
1472 1975 1511 2048 in
1527 1973 1818 2073 Chreophylukio

434 2097 536 2172 fectu
588 2098 736 2172 Nemini
753 2097 925 2173 tribuitur
942 2097 1153 2171 nominatim
1169 2096 1320 2172 facultas
1337 2098 1397 2170 vel
1413 2097 1452 2170 in
1468 2097 1590 2171 loculo
1607 2096 1666 2169 vel
1682 2094 1820 2169 cellulis

316 2263 322 2276 ·
435 2217 644 2315 sepeliendi,
663 2215 728 2292 sed
749 2213 795 2292 de
813 2203 999 2291 voluntate
1018 2215 1197 2316 Glykonis
1214 2216 1285 2292 hoc
1301 2217 1459 2315 pendere
1477 2215 1681 2291 declaratur
1696 2215 1757 2290 cui
1772 2215 1820 2288 in·

434 2337 699 2435 terponendum
717 2351 856 2412 estnec
874 2336 1061 2413 decretum
1078 2365 1146 2414 nec
1162 2339 1372 2414 mandatum
1389 2339 1606 2438 praetorium.

505 2459 563 2532 De
577 2469 680 2532 aetote
697 2455 791 2533 conf.
810 2457 863 2533 tit
880 2481 995 2532 nxxv.
1015 2483 1089 2555 quo
1099 2459 1264 2557 pluribus
1278 2459 1389 2546 annis,
1407 2458 1532 2533 eadem
1551 2483 1639 2532 vero
1656 2457 1819 2534 Attalide

428 2577 771 2676 -stephsnephoriom
800 2591 959 2677 gerente,
982 2579 1220 2654 recentiorem
1254 2579 1365 2654 fuisse
1393 2592 1543 2653 constat.
1608 2579 1681 2672 Qui
1709 2578 1820 2677 praeit,

433 2721 563 2772 nxxvr.
588 2699 761 2797 temporis
789 2697 996 2773 intermedii
1023 2713 1108 2774 erut.
1159 2701 1367 2797 Utrumque
1393 2699 1524 2774 horum
1547 2698 1593 2774 de
1617 2699 1744 2774 eodem
1770 2723 1819 2772 re·

432 2819 540 2918 gione
557 2819 653 2892 muri
670 2819 845 2918 descripsi
865 2845 937 2917 quo
953 2833 1055 2918 porte
1074 2819 1254 2894 occidenti
1279 2822 1491 2896 obvertitur.
1543 2819 1753 2895 Notandum
1770 2833 1821 2894 est

433 2962 531 3026 ver0,
550 2938 644 3012 sicut
670 2937 717 3012 od
744 2938 797 3014 tit.
815 2961 941 3027 cxxv„
960 2952 998 3013 et
1023 2941 1062 3013 in
1088 2939 1159 3012 hoc
1186 2964 1344 3014 marmor
1371 2939 1482 3014 fuisse
1500 2941 1546 3014 ab
1564 2939 1755 3039 opificibus
1772 2941 1820 3015 bi·

433 3057 560 3132 fariam
588 3072 736 3147 sectum,
763 3059 865 3155 quod
892 3057 1173 3157 designaverunt
1199 3059 1398 3136 Bdckhius'*
1423 3075 1460 3134 et
1487 3057 1713 3134 Fellowsiud
1729 3061 1822 3134 linea

434 3181 604 3254 deorsum
621 3205 688 3279 per
703 3180 863 3254 medium
882 3179 999 3256 ducta.

509 3301 635 3377 Voriae
651 3301 747 3376 lectt.
767 3302 916 3390 suntin
933 3327 966 3374 v.
978 3304 1011 3375 2.
1029 3324 1081 3400 pr.
1100 3303 1140 3376 Β.
1161 3308 1297 3376 κΑΤΑ.
1351 3301 1450 3376 Dein
1467 3327 1608 3389 nomen,
1626 3309 1674 3376 Τ.
1693 3305 1816 3379 ΒΙΟΥ.

435 3425 530 3498 1113.
549 3423 641 3497 med.
661 3425 700 3497 Β.
719 3429 841 3496 nur.
897 3423 1067 3496 untur.
1123 3421 1218 3496 1116.
1237 3423 1278 3496 Β.
1297 3427 1443 3496 rrum.
1499 3423 1545 3498 ln
1569 3425 1599 3496 s.
1616 3447 1670 3521 pr.
1692 3428 1820 3497 urz

430 3551 540 3619 τΑῑ.
596 3545 641 3616 111
667 3541 898 3617 meuznu.
955 3543 1000 3616 111
1032 3545 1087 3617 10.
1106 3543 1144 3616 F.
1163 3547 1359 3618 τιιοντκ
1386 3555 1451 3616 ess.
1517 3545 1562 3616 ιο
1592 3548 1647 3617 11.
1667 3529 1761 3616 m‘ed.
1780 3545 1819 3615 Β.

435 3670 521 3739 ΑΜ.
577 3665 623 3738 In
642 3666 698 3737 13.
717 3668 976 3737 ΑΠΟΤΕΙΣΗ.
1033 3663 1077 3735 In
1098 3665 1153 3736 14.
1176 3668 1574 3738 ΕΚΔΗΚΗΣΑΝΤΟΣ.

478 3901 490 3923 ¹
505 3893 572 3950 Vol.
589 3909 620 3949 11„
634 3911 663 3968 p.
679 3893 746 3955 539.
765 3911 792 3950 n.
807 3894 893 3955 2829.
914 3911 953 3949 ex
971 3889 1107 3949 Sherord
1159 3891 1303 3952 Roohetti.

437 3995 522 4069 p.15.
545 3991 612 4050 θοὰ
628 3990 702 4048 Ask.
719 4009 736 4048 1.
751 3995 797 4052 33.
812 3989 860 4050 63.
882 4002 917 4048 ut
939 4003 969 4048 et
991 3991 1105 4050 schedd.
1197 3992 1210 4019 ⁸
1224 3993 1285 4050 Ubi
1298 4011 1361 4070 sup.
1375 4013 1403 4070 p.
1413 3995 1478 4053 333.
1494 4012 1541 4049 un.
1552 3995 1597 4050 42.
1607 3995 1653 4052 «13.
1705 4011 1711 4024 ⁴
