4004 5264
471 555 513 620 74
876 546 1228 618 INSCRIPTIONES
1250 546 1442 615 GRAECAE.
1598 550 1716 632 [meon.
1731 566 1853 644 c.-en.¹

549 741 589 816 C.
619 739 764 814 Titulus
794 737 841 812 ad
869 737 1075 836 sepulcrum
1102 737 1308 834 pertinebat
1330 750 1367 811 et
1392 736 1496 811 initio
1512 748 1551 811 et
1567 735 1639 810 fine
1666 747 1847 810 truncatus.

473 862 645 936 Dirarum
665 857 821 932 formula
842 868 964 930 manet
990 855 1074 930 satis
1097 867 1192 930 nota
1252 856 1485 954 Descriptum
1501 855 1614 930 habui
1637 855 1683 930 de
1704 881 1783 930 area
1806 878 1848 926 se·

473 981 626 1081 pulerali
655 981 751 1053 inter
779 978 972 1078 parietinas
1006 975 1133 1075 oppidi
1166 977 1315 1074 antiqui,
1351 976 1415 1050 sed
1452 1002 1526 1050 non
1559 977 1706 1076 propria
1742 998 1849 1058 manu,
1963 959 1964 1032 i

473 1099 721 1200 apographum
758 1097 1010 1197 suppeditante
1045 1097 1232 1172 Borrellio.
1302 1098 1386 1171 Ηοο
1414 1097 1453 1172 in
1485 1098 1684 1197 legentium
1712 1095 1848 1196 gratian

473 1221 645 1318 subjicio:
679 1273 895 1292 ......
926 1224 1186 1324 ινιιῑιιιε,
1210 1273 1220 1292 .
1242 1220 1846 1294 ινΑγτΔτειιοιινῑΛιεῑοε

472 1347 1636 1420 ΛΗΣΚΑΗΤΑΝΩΞΛΗΣΕΣΤΩΚΑΡΞΤΕΝΟΣΕΚΓΙΝΟΥΞ
1648 1340 1849 1418 taumi-
1963 1439 1964 1444 γ

474 1474 501 1540 Γ
502 1472 596 1541 ΗΒΑ
606 1457 1418 1572 ΞΤᾼΥΓΟΜΗΤΕΞΟΑΛΑΟΟΑΠΛΟΤΗ.
1963 1483 1964 1502 ἢ

549 1631 611 1707 CI.
638 1631 903 1728 Fmgmentum,
931 1627 1080 1702 fortasse
1109 1653 1157 1702 ex
1185 1629 1454 1728 sepulcralibus.
1522 1631 1612 1702 Erat
1645 1627 1683 1700 in
1709 1619 1848 1699 heroicis
1963 1673 1964 1702 ι

473 1763 695 1837 contextum,
714 1749 779 1823 sed
795 1749 835 1822 in
850 1747 1079 1823 resarciendo
1096 1761 1170 1822 tam
1187 1749 1316 1823 mutilo
1333 1748 1530 1846 petiolitari
1547 1747 1642 1821 nolo.
1963 1767 1964 1780 ¹

548 1869 781 1969 Descriptum
806 1870 920 1946 habui
942 1869 988 1944 de
1005 1895 1184 1944 marmore
1206 1871 1245 1944 in
1271 1871 1379 1944 horto
1402 1869 1565 1969 praefecti
1582 1867 1730 1944 Turcici
1756 1883 1849 1958 supra
1963 1867 1964 1932 ι

475 1989 584 2077 dieto,
602 2015 675 2088 arg.
694 2013 784 2066 κου.

1091 2277 1172 2352 CII.
1199 2302 1244 2348 m.

573 2536 604 2582 ο.
629 2549 792 2564 -----
816 2534 886 2605 ρου
917 2509 984 2581 τοῦ
1014 2499 1233 2606 Χαριδήμου
1260 2563 1752 2581 ...............

572 2646 600 2718 b.
629 2685 788 2698 ·····
815 2631 1034 2737 Φιλοίτρον-
1051 2637 1172 2740 Θεοφ.
1189 2635 1250 2713 καὶ
1262 2628 1428 2729 Δούλου,
1444 2633 1525 2732 νίκη
1538 2629 1749 2730 Νεμέσεων.
1963 2723 1964 2730 ¹

1963 2751 1964 2802 i

811 2764 910 2864 Νίκη
920 2762 1185 2843 Ἀπολλωνίου
1198 2760 1441 2860 Ἀλκυονέως,
1457 2771 1524 2843 τοῦ
1538 2761 1750 2864 Νησιώτου.
1963 2833 1964 2886 p

573 2926 599 2975 c.
814 2893 1111 2999 Ἀνδροσθένους
1144 2960 1752 2978 ................

574 3034 607 3106 d.
632 3075 1105 3108 ..............
1132 3027 1322 3110 θεοδότου
1349 3096 1748 3110 ...........

575 3191 599 3238 e.
626 3207 960 3242 ..........
988 3196 1100 3242 νατου
1117 3165 1184 3242 τοῦ
1203 3161 1398 3263 Γεμέλλου
1425 3227 1751 3242 .........

568 3295 602 3395 f.
629 3338 789 3351 ·····
816 3360 822 3372 .
893 3363 898 3373 .
968 3362 974 3374 .
1043 3297 1247 3380 Σκιπίωνος
1266 3297 1334 3377 τοῦ
1351 3294 1603 3403 Ἀφροδισίου
1670 3363 1676 3375 .
1748 3361 1755 3374 .

568 3456 601 3528 ρ.
623 3472 783 3486 ·····
809 3460 886 3511 ινοι·
925 3427 1196 3513 [laurentianae
1234 3431 1300 3509 τοῦ
1334 3425 1580 3529 Φιλομοιίσου
1670 3492 1677 3504 .
1748 3493 1754 3504 .

572 3564 603 3637 Ia.
628 3607 787 3620 ·····
814 3593 872 3639 ιου
901 3566 968 3639 τοῦ
1005 3623 1751 3638 ......................

575 3697 597 3770 ι’.
625 3739 785 3754 -----
812 3727 853 3777 ος
872 3700 936 3773 τοῦ
967 3755 1749 3771 .......................

572 3831 603 3904 Ιι.
624 3875 783 3889 ·····
808 3823 1045 3929 Ἡλιοδώρου
1067 3825 1191 3930 [Μυρ]
1222 3889 1750 3905 ................

572 3955 593 4030 ί.
621 3999 781 4017 ·····
808 3955 1017 4060 Ιεροκλέους·
1046 3949 1185 4052 [Λαδα]
1220 3952 1399 4036 Διοδότου
1436 4021 1752 4036 ........

571 4117 614 4163 m.
625 4132 781 4148 ·····
806 4090 983 4190 Διοτίμου
1009 4153 1751 4171 ....................

1963 4157 1964 4196 i

571 4247 603 4297 a.
622 4267 781 4283 ·····
807 4218 1751 4326 Νεωποιὸςίεροῦ.................

571 4374 598 4424 0.
622 4393 783 4411 ·····
808 4352 1750 4459 Θεοφίλου
