4004 5264
427 559 470 622 40
836 547 1192 618 INSORIPTIONES
1215 547 1407 615 GRAECAE.
1476 549 1706 637 [ruson.rxvr.,
1718 569 1814 614 areu.

503 741 746 841 Praefigimtur
772 739 879 814 titulo
907 739 977 838 ¹(en
1005 737 1197 824 Sherardo‚
1222 735 1310 833 eto.)
1339 737 1418 810 haeo
1436 735 1628 830 Boekhii'3
1648 737 1816 835 “Aphro-

429 855 576 950 disime',
593 863 633 936 in
649 886 755 936 muro
771 859 919 952 castelli,
937 859 984 932 ad
1000 857 1206 933 orientem.’'
1241 859 1314 931 Pro
1327 857 1460 933 rateto
1474 882 1626 955 reponas
1640 859 1817 944 theatrum,

427 996 470 1057 ut
486 993 584 1057 reete
602 982 842 1056 Fellowsius¹.
896 980 1078 1067 Ceterum,
1095 990 1227 1077 praeter
1239 977 1505 1064 Sherardiana’‚
1517 979 1671 1052 eontulit
1682 977 1815 1054 Bockh.

354 1095 357 1101 λ
430 1116 469 1176 et
488 1102 566 1176 eod.
587 1100 810 1200 Spanhemii¹
835 1101 1003 1196 editaque
1031 1125 1052 1172 a
1081 1099 1237 1175 Sestino·
1254 1111 1292 1172 et
1308 1097 1509 1172 Fellowsio.
1562 1098 1819 1196 Discrepantiae

426 1224 464 1296 in
492 1223 589 1297 leott.
609 1233 701 1308 sunt,
719 1222 758 1294 in
775 1246 808 1294 v.
824 1225 854 1294 1.
873 1224 937 1297 Bo.
955 1225 1082 1314 ΤΟΙΣ,
1099 1219 1164 1294 ubi
1191 1218 1279 1292 Fell.
1296 1224 1397 1293 ΤΩΙ.
1455 1219 1500 1293 In
1526 1217 1594 1292 hae
1621 1233 1723 1315 parte
1746 1243 1817 1291 ves·

427 1343 515 1441 tigia
541 1343 608 1415 litt.
638 1340 712 1414 sere
741 1340 888 1414 omnino
915 1349 1145 1412 evanuerant.
1201 1337 1262 1414 Sio
1285 1338 1324 1411 in
1341 1363 1374 1411 v.
1390 1341 1425 1412 2.
1451 1339 1526 1412 init.
1546 1340 1610 1412 ubi
1629 1342 1692 1416 Βό.
1711 1339 1817 1414 habet

432 1517 440 1534 .
463 1515 472 1535 .
491 1469 522 1536 Η
540 1515 549 1536 .
571 1517 580 1535 .
602 1516 611 1534 .
633 1513 642 1535 .
660 1519 669 1556 ,
687 1461 775 1534 Pell.
796 1468 828 1535 Η
846 1515 855 1533 .
877 1457 970 1534 'illst'
988 1485 1117 1558 nempe
1134 1472 1218 1557 post
1233 1483 1370 1544 vooem,
1389 1458 1630 1556 distinctionis
1648 1484 1744 1558 ergo,
1762 1459 1818 1531 vel

427 1581 577 1657 fortasse
594 1583 804 1670 ornamenti,
822 1583 941 1681 posito
959 1591 997 1670 a,
1014 1595 1056 1657 ut
1073 1608 1183 1682 supra
1198 1583 1237 1656 in
1251 1583 1303 1656 tit.
1318 1583 1461 1657 LXIII.
1480 1585 1537 1655 21.
1580 1583 1665 1656 Hoc
1683 1595 1720 1654 et
1735 1580 1819 1654 alibi

428 1704 638 1778 observasse
655 1701 746 1775 mihi
763 1701 898 1789 videor,
922 1714 965 1775 ut
984 1703 1024 1775 in
1045 1702 1153 1775 titulo
1170 1701 1300 1774 ultimo
1317 1701 1413 1774 inter
1425 1702 1601 1799 Pergaeos.
1652 1702 1758 1788 Dein,
1783 1701 1819 1772 in

427 1847 460 1892 v.
473 1823 506 1894 3.
525 1845 577 1917 pr.
593 1822 655 1895 Bo.
676 1826 820 1894 ΚΛΕΙΣ.
844 1820 882 1892 in
900 1823 933 1891 4.
953 1844 1005 1916 pr.
1025 1824 1210 1895 ΔΟΣΟΣ.
1234 1821 1274 1892 in
1294 1823 1326 1893 5.
1339 1845 1391 1918 pr.
1411 1821 1499 1894 Fell.
1518 1826 1820 1913 ztotuuussor„

425 1941 548 2015 nescio
565 1939 661 2016 unde
690 1940 830 2016 illatum
860 1952 1073 2034 monstrum,
1098 1940 1169 2014 nisi
1197 1940 1330 2028 charta,
1348 1965 1420 2037 qua
1436 1966 1522 2017 usus
1540 1954 1604 2028 est,
1622 1942 1820 2039 imperitius

426 2061 560 2135 adacta.
613 2063 658 2134 In
688 2061 815 2135 eodem
840 2087 949 2135 versu
980 2060 1043 2136 Bo.
1072 2068 1455 2149 ΑΡΙΣΓΟΚΛΕΙΟΥΣ,
1483 2075 1526 2137 ut
1553 2088 1668 2162 supra,
1687 2065 1768 2139 LV.
1789 2065 1818 2135 7.

425 2187 572 2260 Mecum
590 2185 762 2282 congruit
779 2183 943 2257 Fellows.

500 2305 556 2380 De
574 2317 678 2379 aetate
697 2305 794 2382 tituli
811 2303 902 2382 nihil
919 2304 1010 2379 certi
1026 2304 1144 2378 habeo
1162 2303 1261 2400 quod
1277 2303 1466 2404 proferam.

1020 2603 1184 2680 LXVII.
1211 2631 1241 2677 z.

784 2814 1487 2887 ΡΚΕΙΔΑΚΑΙΤΑΣΥΕΛΙΔΑΣΑΡΙΣΤΟ

723 2927 1504 3000 ΣΤΗΣΑΝΤΟΣΕΡΜΑΑΡΙΣΤΟΚΛΕΟΥΣ

821 3039 1437 3113 ΟΝΔΙΑΖΩΜΑΤΟΥΘΕΑΤΡΟΥ

424 3216 512 3321 Τὴν.
524 3223 675 3326 κερκίδα
694 3225 755 3304 καὶ
774 3221 840 3309 τὰς
861 3226 1009 3310 lethae
1028 3223 1283 3330 Ἀριστοκλῆς
1293 3223 1570 3334 Ἀρτεμιδώρου
1590 3226 1817 3326 Μολοσσόν,

424 3345 639 3455 στήόοὶντοο
657 3354 778 3460 Ἑρμᾶ
794 3354 1087 3460 Ἀριστοκλέους
1111 3354 1154 3439 τὸ
1181 3355 1354 3464 δεύτερον
1374 3359 1538 3464 διάζωμα
1560 3363 1627 3443 τοῦ
1647 3360 1815 3466 θεάτρου.

424 3667 428 3674 1
452 3631 454 3634 .
474 3529 478 3588 '.
500 3537 647 3673 'litulus
664 3569 829 3642 meminit
845 3571 1004 3667 partium
1022 3569 1154 3644 theatri
1171 3571 1217 3644 ab
1229 3572 1412 3645 Aristocle
1430 3571 1578 3669 filioque
1593 3577 1671 3672 ejus
1683 3576 1818 3648 Herma

464 3841 483 3870 w
495 3837 572 3920 Vide
584 3837 680 3896 lemm.
694 3838 732 3895 ad
745 3859 774 3895 n.
784 3839 871 3904 2747.
887 3860 913 3917 p.
923 3843 991 3900 501.
1144 3836 1255 3898 Bookh.
1278 3844 1306 3898 τὶ
1331 3842 1473 3919 imposui»,
1501 3860 1611 3919 nempe,
1636 3842 1817 3919 horologium

463 3939 477 3968 ⁸
493 3934 554 4000 Ubi
568 3954 630 4012 sup.
645 3955 673 4012 p.
684 3938 751 3996 301.
762 3955 791 3994 n.
807 3939 850 3996 14.
1031 3967 1034 3974 ’
1143 3937 1229 3997 horse
1239 3942 1377 4020 ἰσημεριιὶς
1386 3939 1550 3999 dimetiens.
1573 3942 1672 4000 Aoute
1683 3941 1817 4012 satiased

464 4045 475 4078 a
496 4033 566 4092 eod.
580 4053 608 4110 p.
621 4033 665 4094 16.
684 4051 688 4058 ·
705 4033 779 4126 Askq.
791 4052 810 4093 1.
824 4038 871 4097 51.
1146 4057 1214 4095 oum
1232 4039 1323 4113 justis
1344 4039 1509 4098 intervallis
1529 4040 1560 4096 in
1581 4040 1677 4118 lapide
1697 4050 1817 4119 pugnat.

465 4131 563 4190 *Coa
578 4151 607 4190 n.
618 4135 665 4190 44.
1146 4137 1208 4194 Neo
1241 4138 1359 4214 penitus
1392 4137 1503 4196 arridet
1533 4138 1612 4214 quod
1637 4141 1723 4216 posui
1749 4141 1816 4217 ipse,

464 4229 611 4308 'Viuggj‚
627 4241 724 4310 etup.
737 4228 800 4293 116.
1147 4240 1252 4306 λογεῖον.
1298 4237 1440 4295 Attamen
1465 4235 1569 4296 melius
1596 4239 1731 4297 convenit
1752 4254 1817 4297 oum

464 4331 475 4364 1
497 4328 740 4408 Supplementum
760 4333 889 4391 tentavit
903 4332 933 4390 in
947 4331 1001 4390 hae
1014 4341 1097 4410 parte
1147 4344 1290 4412 apparatu
1304 4334 1452 4394 theatrali.
