3992 5240
152 576 421 664 insanorum]
671 574 1033 641 PHILADELPHIA.
1081 599 1087 616 ·
1493 585 1553 648 155

155 768 266 851 Κατὰ
286 767 334 850 τὰ
350 768 599 876 ψηφισθέντα
624 764 696 848 ὑπὸ
724 772 789 868 τῆς
813 768 1016 872 κρατίστης
1036 773 1185 870 Βουλῆς
1205 773 1264 852 καὶ
1291 781 1358 852 τοῦ
1378 786 1550 878 λαμπρο-

149 901 270 983 τάτου
294 901 440 1004 Δήμου,
457 899 617 1006 Μάρκον
629 899 821 1006 Αὐρήλιον
839 899 1046 1007 Διόδωρον,
1063 901 1118 989 δὶς
1133 913 1200 984 τοῦ
1212 903 1402 1007 Αδμήτου,
1432 906 1551 1011 ἄνδρα

153 1033 366 1137 βουλευτὴν
385 1040 446 1118 καὶ
475 1036 768 1142 γερουσιαστήν,
791 1043 958 1140 συγγενῆ
981 1039 1172 1118 Μανιλίου
1186 1035 1434 1144 Ἀλεξάνδρου
1464 1043 1549 1120 ἀσι-

155 1167 290 1274 ἅρχου,
309 1169 650 1275 ἀγορανομήσαντα
680 1173 721 1250 ἐν
749 1168 903 1278 μεγάλῳ
930 1172 1043 1278 καιρῴ
1074 1169 1234 1278 ἐνδόξως
1261 1174 1322 1252 καὶ
1342 1173 1549 1278 φιλοτίμως

154 1297 216 1380 καῖ
254 1297 507 1399 ταμιεύσαντα
549 1303 610 1381 καὶ
648 1299 972 1407 ἐφηβαρχήσαντα
1010 1301 1175 1396 εὐσεβῶς
1213 1305 1273 1383 καὶ
1317 1302 1546 1409 ἐπιφανῶς’“

152 1431 466 1536 προνοησομένου
486 1437 552 1532 τῆς
571 1428 814 1516 ἀναστάσεως
834 1440 901 1512 τοῦ
926 1429 1143 1536 ἀνδριάντος
1162 1435 1335 1530 Φλαβίου
1356 1437 1547 1540 Αὐρηλίου

379 1563 661 1671 Ἡφαιστίωνος
681 1567 885 1644 Παιτιανοῦ
914 1572 981 1644 τοῦ
1004 1561 1321 1670 ἀξιολογωτάτου.

548 1693 634 1776 ’καὶ
652 1694 976 1802 βουλαρχήσαντα
995 1703 1151 1797 σεμνῶς.

230 1869 377 1944 Titulus
393 1865 613 1942 honorificus
630 1890 652 1940 a
670 1865 808 1942 Senatu
831 1877 869 1940 et
886 1865 1028 1962 Populo
1045 1865 1334 1963 Philadelpheno
1359 1868 1543 1963 profectus

154 1989 192 2062 in
219 1989 430 2062 memoriam
453 1987 602 2086 insignis
632 1987 721 2062 civis
746 1987 901 2062 Diodori
929 1987 994 2082 qui
1016 2011 1164 2061 munera
1193 1987 1332 2061 obierat
1359 1990 1542 2074 senatoris,

152 2109 371 2206 gerusiastoe,
401 2109 617 2208 agoranomi,
647 2108 845 2204 quaestoris,
875 2107 1121 2204 ephebarohae‚
1149 2107 1350 2199 bularchae3
1378 2121 1543 2182 curatore

154 2231 274 2326 operis
292 2242 418 2304 statuae
434 2227 611 2326 ponendae
624 2229 793 2301 Paetiano.
824 2228 1056 2326 Descriptum
1073 2228 1184 2303 habui
1202 2229 1247 2302 de
1264 2229 1342 2301 basi
1358 2230 1544 2302 recondita

153 2351 191 2424 in
205 2350 315 2426 domo
328 2352 515 2448 cujusdam
526 2349 811 2448 Philadelpheni.
847 2351 1017 2424 Limitem
1036 2350 1150 2424 atatis
1166 2349 1282 2450 possis
1298 2349 1542 2446 conjicerent

152 2472 364 2560 sexcenties,
383 2497 431 2546 ex
447 2471 653 2545 nominibus
671 2471 841 2545 Romanis
858 2470 1020 2544 Diodori
1074 2469 1134 2545 Sic
1156 2493 1301 2567 quoque
1319 2470 1355 2542 in
1375 2471 1542 2543 omnibus

152 2590 228 2665 fere
247 2615 338 2688 quos
355 2617 403 2666 ex
420 2591 489 2666 hac
507 2591 592 2666 sede
609 2593 801 2690 reportavi.

228 2712 357 2786 Edidit
386 2712 582 2790 Bockhius¹
613 2738 662 2788 cx
692 2711 834 2788 schedis
864 2711 1048 2788 Sherardi⁸
1076 2723 1114 2784 et
1143 2710 1372 2810 Spanhemid.
1424 2710 1540 2783 Lectt.

152 2833 366 2906 constitutas
391 2833 510 2908 habeo
537 2859 605 2931 ope
633 2833 830 2934 apographi
859 2831 958 2929 quod
985 2833 1061 2930 ipse
1088 2831 1159 2906 feci
1189 2845 1226 2906 et
1249 2830 1463 2904 Borrelliani
1493 2855 1540 2902 ex

152 2947 269 3022 diario
286 2948 397 3026 1)an
417 2953 458 3026 R
480 2951 626 3026 Steuart
642 2950 806 3024 confecti.

226 3069 314 3144 VV.
332 3071 406 3144 LL.
457 3072 503 3144 In
516 3072 861 3147 ν.1.Βὸ.ΨΗΦΗΣ.
907 3071 952 3144 In
970 3072 1003 3144 3.
1017 3070 1117 3143 Borr.
1134 3075 1378 3144 ΚΡΑΤΙΣΙἹΝ
1392 3094 1475 3143 oum
1492 3068 1539 3142 la-

150 3213 246 3263 cuna
262 3189 374 3286 inseq.
424 3191 516 3264 1118.
535 3192 635 3264 Borr.
655 3189 742 3265 aad
758 3189 876 3262 finem.
929 3191 974 3263 In
992 3189 1120 3263 eodem
1137 3215 1256 3288 apogr.
1276 3191 1422 3264 omnino
1439 3191 1541 3266 abest

150 3333 183 3380 v.
209 3311 264 3394 14,
282 3308 363 3381 visu
379 3309 508 3406 opinor
526 3307 678 3406 decepto
695 3332 760 3406 per
776 3308 1082 3384 homoeoteleuton
1097 3318 1167 3385 ΚΑΙ
1187 3313 1225 3384 in
1243 3337 1300 3385 vv.
1318 3315 1442 3386 13.14.
1495 3316 1540 3388 In

152 3426 208 3498 16.
228 3427 291 3500 Βὸ.
310 3432 575 3512 ΜΙΕΙΣΑΝΤΑ,
593 3439 630 3500 et
658 3427 697 3500 in
725 3429 779 3499 17.
797 3425 857 3500 fin.
879 3434 1014 3502 ΕΥΣΗ.
1083 3431 1127 3502 In
1154 3433 1213 3504 25.
1237 3433 1337 3506 Borr.
1358 3439 1539 3509 ΒΟΛΑΡΧ

148 3557 217 3619 etc.
269 3545 479 3620 Notandum
508 3557 564 3620 est
589 3544 660 3619 hoc
687 3546 944 3644 postscriptum
968 3547 1044 3648 (vv.
1063 3551 1121 3622 25.
1142 3547 1188 3647 s.)
1216 3575 1237 3622 a
1262 3550 1405 3626 diversa
1431 3579 1540 3632 manu

147 3664 350 3762 profectum
377 3663 477 3760 quod
507 3663 614 3736 titulo
642 3665 844 3760 subjectum
870 3663 939 3737 fuit
963 3679 1155 3763 postquam
1172 3669 1356 3746 Diodorus
1383 3671 1538 3750 officium

146 3784 310 3882 praesidis
323 3785 434 3858 curiae
447 3782 743 3880 Philadelphenae
756 3784 902 3858 obierat.
939 3785 1080 3860 Forma
1097 3788 1297 3864 litterarum
1316 3793 1538 3888 quarundam

145 3905 184 3978 in
201 3905 330 3978 ultimo
347 3903 519 4002 speciales
537 3917 629 3976 sunt.

188 4123 200 4156 ¹
217 4117 286 4176 Vol.
298 4134 329 4174 n.
343 4137 371 4194 p.
382 4119 448 4177 801.
463 4119 586 4177 natal.
908 4121 917 4154 ῑ
939 4119 1007 4178 Cod.
1022 4123 1128 4181 n.145.

187 4221 198 4252 ¹
223 4215 334 4292 coup.
345 4212 392 4280 69.
433 4212 599 4280 Ask.1.97.
