4004 5264
383 557 422 620 12
787 545 1140 617 INSGRIPTIONES
1162 546 1354 612 GRAECAE.
1436 545 1770 634 [rusca.xmr.‚xm11.

381 747 480 852 ιερέα
508 745 704 850 μέγιστον,
725 746 970 848 Δημαρχικῆς
996 737 1228 847 ἐξουσίαςτό
1249 738 1298 842 oi,
1320 741 1462 819 ὕπατον
1481 734 1524 818 τὸ
1548 732 1597 840 γ’,
1619 736 1771 839 Πατέρα

563 961 567 972 ,
634 878 827 982 πατρίδος,
847 871 951 981 φυλὴ
972 872 1253 960 αἱἈπολλωνίς·
1272 873 1461 974 ἀνέθηκεν.

457 1066 605 1140 Titulus
631 1068 670 1140 in
697 1066 872 1141 honorem
903 1065 1083 1141 Hadriani
1113 1091 1134 1140 a
1166 1066 1266 1140 tribu
1300 1065 1416 1163 prima
1443 1063 1667 1162 Apollonide
1693 1087 1772 1160 pro·

381 1185 497 1260 fectus
523 1186 562 1259 in
596 1209 669 1281 quo
694 1199 799 1286 poter
825 1185 957 1286 patriar
992 1185 1096 1260 audit
1117 1187 1319 1282 Imperator
1346 1185 1504 1259 illustris.
1556 1184 1656 1258 Vide
1684 1183 1772 1259 Oro

382 1307 489 1380 sium·
505 1317 543 1380 et
561 1304 813 1404 spartianum.
867 1308 1028 1402 Tempus
1050 1304 1239 1380 definitum
1265 1305 1440 1380 habemus
1460 1331 1526 1403 per
1551 1305 1690 1379 litteras
1710 1329 1773 1378 nu-

381 1428 533 1502 merales
549 1429 588 1502 in
605 1454 638 1502 v.
652 1431 707 1504 11.
725 1429 906 1517 nimirum,
920 1455 974 1503 an.
987 1430 1034 1506 U.
1051 1429 1091 1504 C.
1111 1430 1243 1502 887-8.
1296 1431 1335 1502 Ρ.
1348 1427 1553 1504 0:134-5‘.

456 1549 689 1648 Descriptum
713 1547 825 1622 habui
848 1549 894 1623 de
921 1549 999 1623 basi
1016 1549 1111 1622 inter
1127 1549 1321 1647 parietinas
1338 1549 1436 1646 apud
1452 1545 1685 1631 ΕοΙα-Ιιὶοεάτ,
1709 1545 1772 1619 ubi

384 1668 487 1742 sitam
514 1667 624 1742 fuisse
652 1667 962 1766 Hednanopolem
988 1665 1105 1740 fidens
1132 1665 1359 1740 crediderim.
1410 1667 1532 1740 Distat
1559 1663 1692 1757 attor,
1713 1663 1773 1736 cui

383 1784 644 1861 consuetudine
678 1784 818 1857 solenni
850 1808 983 1857 nomen
1018 1784 1207 1881 antiquum
1247 1783 1483 1881 depravatum
1517 1783 1775 1858 transtulerant

383 1905 537 1992 barbari,
555 1906 699 1980 circiter
719 1917 802 1981 octo
825 1905 940 1980 millia
956 1930 1137 2003 passuum,
1155 1907 1331 1980 orientem
1349 1930 1484 1993 versus,
1507 1907 1545 1979 in
1572 1905 1700 1979 itinere
1728 1904 1774 1978 ad

388 2024 509 2110 Tota,
526 2021 560 2095 h.
573 2047 602 2096 e.
621 2021 874 2097 Eudoxianam
893 2023 971 2119 (vel
990 2021 1219 2122 comanam),
1238 2025 1355 2101 Ponti.

459 2140 587 2214 Edidit
605 2139 804 2216 B'oclihiusd
830 2166 878 2214 ex
895 2141 990 2215 libro
1006 2142 1150 2218 Sestini‘
1164 2145 1224 2218 cui
1242 2144 1450 2242 adjumenta
1467 2159 1569 2221 erant
1580 2147 1774 2246 Vaughani

385 2259 535 2334 schedae.
562 2261 650 2335 VV.
671 2261 745 2334 LL.
777 2271 862 2334 sunt
890 2259 930 2332 in
954 2262 1210 2334 ν.1.ΤΗΧΗΙ.
1233 2261 1272 2334 in
1305 2265 1360 2335 11.
1378 2262 1455 2336 init.
1475 2269 1533 2337 ΗΙ.
1551 2264 1590 2336 in
1618 2269 1673 2339 13.
1698 2265 1773 2338 init.

383 2387 535 2470 ΦΥΛΗΙ,
552 2382 656 2477 qnasi
685 2380 795 2456 luerit
819 2381 953 2457 decima
984 2380 1119 2472 tribum
1146 2380 1216 2456 hoc
1244 2383 1432 2481 praelatum
1462 2383 1596 2459 habere
1631 2385 1775 2458 videtur

385 2500 526 2578 B'ockh.

946 2707 950 2716 ·
984 2665 1126 2741 XLIII.
1144 2669 1178 2741 b.

753 2851 1409 2924 ΚΑΤΑΤΟΔΟΓΜΑΤΗΣΒΟΥΛΗΣ

754 2965 1409 3039 ΚΑΙΤΟΥΔΗΜΟΥΦ·ΣΕΒΑΣΤΟΥ

752 3078 1327 3152 ΑΠΕΛΕΥΘΕΡΟΝΕΥΦΗΜΟΝ

826 3192 1256 3262 ΕΠΙΤΟΥΚΟΙΤΩΝΟΣ

679 3301 701 3374 5
756 3303 1263 3376 ΜΟΥΛΠΙΟΣΑΡΙΠΑΙΟΣ

391 3469 499 3554 Κατὰ
538 3465 581 3553 τὸ
622 3466 745 3575 δόγμα
788 3473 854 3571 τῆς
897 3470 1046 3571 Βονλῆο
1091 3469 1153 3551 καὶ
1195 3481 1263 3554 τοῦ
1309 3471 1443 3576 Δήμου
1473 3471 1778 3581 φιλοσεβοὶστον,

390 3600 641 3708 ἀπελεύθερον
674 3601 858 3706 Εὔφημον
892 3601 953 3680 ἐπὶ
983 3608 1050 3681 τοῦ
1080 3609 1254 3691 κοιτῶνος
1285 3607 1341 3684 Μ.
1369 3609 1541 3692 Οὕλπιος
1564 3605 1780 3712 Ἀρισταῖος

947 3742 1015 3843 (sc.
1035 3735 1244 3838 ἐτίμησεν.)

467 3903 613 3980 Titulus
630 3929 678 3978 ex
694 3903 904 3976 honorariis.
955 3905 1146 3980 Libertum
1157 3905 1386 4004 Euphcmmn
1404 3908 1468 4004 qui
1484 3907 1603 3982 fuerat
1619 3910 1781 3982 minister

432 4125 445 4152 ⁸
460 4125 538 4183 Hist
552 4126 601 4184 vii.
613 4129 656 4188 13.
1152 4126 1165 4166 ‘¹
1180 4129 1211 4188 Ο.
1221 4129 1244 4188 Ι.
1256 4126 1307 4188 Gr.
1323 4129 1379 4189 vol.
1393 4129 1422 4188 ii.
1436 4149 1465 4206 p.
1474 4133 1541 4198 980,
1556 4150 1585 4187 n.
1595 4131 1681 4190 3802.

434 4223 599 4282 ¹'Hadrian
613 4222 685 4283 cvi.
1152 4227 1303 4306 ‘Viaggio
1329 4227 1365 4286 da
1387 4229 1584 4306 costantinop.
1613 4249 1630 4286 a
1653 4229 1780 4296 Bassora,

432 4325 445 4358 ⁶
467 4320 586 4382 Eckhel.
599 4323 638 4380 D.
649 4323 688 4382 N.
709 4321 766 4382 vol.
776 4322 815 4382 ri.
830 4343 857 4402 p.
867 4326 934 4395 482,
948 4345 973 4386 a.
1112 4345 1140 4404 p.
1152 4329 1199 4386 20.
