3992 5240
160 647 507 734 mscn.11.b.nsc.1.]
776 643 994 712 EPHESUS.
1502 643 1562 711 109

158 836 198 908 in
216 833 290 908 fine
304 860 336 907 v.
349 837 382 908 2.
398 843 436 907 et
452 831 528 908 init.
539 857 572 906 v.
587 835 619 906 3.
637 833 702 906 ubi
718 830 854 906 invitus
870 832 1011 929 conjeci
1028 817 1112 908 ἅλις
1132 827 1295 928 καρπῶν.
1340 829 1403 904 Nil
1419 831 1560 917 mirum,

159 981 278 1053 quum
305 955 401 1028 inter
428 953 707 1029 describendum
736 953 915 1027 exciderit
932 978 965 1026 v.
986 955 1019 1026 3.
1036 949 1077 1026 id
1106 950 1206 1048 quod
1229 950 1360 1049 saepius
1383 974 1562 1024 marmora

159 1075 402 1150 tractantibus
425 1099 511 1148 casu
527 1075 637 1148 venit.
689 1075 773 1148 Hoc
800 1073 977 1171 supplet0,
1005 1087 1137 1146 cuncta
1163 1073 1257 1146 bene
1285 1070 1498 1168 procedunt,
1525 1085 1562 1144 et

161 1195 281 1270 oratio
298 1193 474 1292 impedita
490 1195 529 1268 in
546 1220 579 1267 v.
597 1196 629 1268 6.
649 1193 805 1292 speciem
823 1206 947 1266 mutat.

239 1311 431 1386 Induoitur
448 1311 607 1407 quidam,
619 1337 667 1384 ex
679 1309 970 1410 panegyriarehis
987 1310 1148 1396 fortasse,
1168 1312 1383 1385 sententiam
1398 1311 1444 1384 de
1457 1313 1560 1384 cultu

160 1433 293 1506 Dianae
310 1430 473 1504 ornando
498 1442 535 1503 et
561 1429 811 1528 promovendo
828 1430 963 1518 dicens,
981 1431 1081 1527 quod
1097 1443 1140 1505 ut
1156 1431 1260 1506 fieret
1282 1435 1452 1530 exemplo
1473 1460 1558 1532 quo

160 1553 246 1626 dam
266 1550 376 1624 allato
393 1547 677 1622 confirmaverat.
731 1549 814 1622 Hoc
844 1549 883 1621 in
907 1548 1045 1622 decreti
1067 1563 1168 1648 parte
1197 1550 1393 1649 deperdita.
1446 1555 1559 1627 Resti-

161 1671 322 1746 tuendus
340 1668 489 1742 videtur
504 1668 544 1740 in
560 1667 659 1742 hunc
675 1667 825 1741 modum
842 1668 991 1742 titulus:

419 1882 464 1950 ΙΝ
484 1928 727 1949 ........
748 1879 1164 1950 ΚΑΙΤΟΥΤΟΔΙΑΤΑ.
1188 1930 1197 1949 .
1222 1929 1232 1949 .

421 1992 1149 2063 ..ΜΑΤΙΔΕΔΗΜὶΚΕΝΑ.ΟΘΕΝΑ.
1170 2043 1180 2062 .
1201 2044 1211 2063 .
1232 1996 1313 2065 ΚΑ.

416 2104 1189 2177 ΟΝΗΓΗΣΑΜΗΝΚΑΙΑΥΤΟΣΑΠΟΒΛΕ

418 2219 1234 2291 ΠΩΝΕΙΠΕΤΗΝΕΥΣΕΒΕΙΑΝΤΗΣΘΕΟ.
1348 2283 1351 2292 .

416 2331 1216 2403 ΚΑΙΕΙΣΤΗΝΤΗΣΛΑΜΠΡΟΤΑΤΗΣΕΦΕ

342 2441 364 2512 5
415 2443 919 2514 ΣΙΩΝΙῚΟΛΕΩΣΤΕΙΜΗΝ
940 2441 1272 2516 ’ΦΑΝΕΡΟΝΓΙΟΙ

417 2557 1305 2628 ΗΣΑΙΔΙΑΤΑΓΜΑΤΙΕΣΕΣΘΑΙΤΑΣΗΜΕΡΑΣ

415 2670 737 2739 ΤΑΥΤΑΣΙΕΡΑΣ
754 2688 763 2708 ·
783 2670 1268 2740 ΚΑΙΤΑΣΕΓΙΑΥΤΑΙΣΕΚΕ

420 2827 430 2848 .
449 2779 978 2852 ΕΙΡΙΑΣΦΥΛΑΧΘΗΣΕΣΘΑΙ
998 2801 1007 2822 ·
1024 2783 1249 2853 ΠΡΟΕΠΩ

482 2891 1002 2964 ΤΟΠΗΣΠΑΝΗΓΥΡΕΩΣ

318 3005 364 3074 10
415 3005 1208 3078 ΤΙΤΟΥΑΙΛΙΟΥΜΑΡΚΙΑΝΟΥΓΙΡΙΣΚΟΥ

463 3117 895 3189 ΤΟΥΑΓΩΝΟΘΕΤΟΥ
911 3138 921 3159 ·
939 3167 949 3188 .
970 3119 1261 3191 .ΤΟΥΑΙΛΙΟΥ
1366 3117 1371 3126 ’

468 3231 1297 3304 ΠΡΙΣΚΟΥΑΝΔΡΟΣΔΟΚΙΜΩΤΑΤΟΥΚΑΙ

470 3344 1306 3418 ΠΑΣΗΣΥΕΙΜΗΣΚΑΙΑΠΟΔΟΧΗΣΑΞΙΟΥ

506 3565 1104 3582 ---------------
1124 3513 1313 3620 πανήγυρ-

504 3684 539 3728 w
559 3701 951 3716 ----------
972 3651 1032 3728 καὶ
1051 3655 1161 3729 τοῦτο
1182 3647 1306 3729 διατά-

503 3816 617 3884 γματι
636 3781 895 3882 δεδηλωκέναι·
918 3781 1004 3861 ὅθεν
1023 3785 1199 3884 ἀναγκαῖ-

502 3946 545 3991 ον
564 3909 767 4015 ἡγησάμην
785 3914 846 3992 καὶ
866 3909 977 3997 αὐτὸς
995 3914 1163 4010 ἀποβλέ-

434 4052 454 4120 5
500 4073 581 4121 πων
600 4041 651 4126 εἷς
670 4075 711 4121 τε
730 4037 798 4142 τὴν
818 4041 1013 4138 εὐσέβειαν
1032 4049 1097 4144 τῆς
1117 4051 1216 4144 θεοῦ,

363 4157 367 4164 ’
501 4177 561 4254 καὶ
581 4180 632 4259 εἷς
651 4170 720 4275 τὴν
739 4179 804 4275 τῆς
823 4175 1090 4281 λαμπροτάτης
1108 4176 1219 4286 Ἐφε-

501 4309 594 4389 σίων
611 4305 757 4394 πόλεως
775 4307 898 4412 τιμήν,
918 4307 1083 4418 φανερὸν
1101 4346 1182 4392 ποι-

502 4443 592 4538 ῆσαι
613 4433 833 4542 διατάγματι
854 4439 1011 4521 ἔσεσθαι
1031 4439 1096 4526 τὰς
1116 4443 1251 4548 ἡμέρας
