3992 5240
461 567 521 630 140
873 561 1224 630 INSCRIPTIONES
1247 561 1438 630 GRAEOAE.
1644 563 1761 653 [rusca.
1770 583 1842 628 cmx.

459 749 644 864 πατρῴοις
668 759 728 836 καὶ
749 751 934 864 μητρῴοις
962 755 1158 862 χρήμασιν
1186 760 1246 838 καὶ
1271 757 1366 838 ἴδιον
1390 759 1529 863 χρῆμα,
1551 755 1602 841 εἷς
1628 791 1668 837 τε
1699 753 1766 856 τὴν
1787 763 1843 836 τοῦ

461 895 666 986 Σεβαστοῦ
702 885 882 990 ἐπιταγὴν
918 891 1105 970 πείσαντα
1143 888 1204 970 διὰ
1242 895 1307 992 τῆς
1346 893 1478 970 ἑαυτοῦ
1514 885 1845 995 μεγαλοφροσύνης

466 1025 626 1107 πολίτας
657 1019 889 1122 αὐτομόλους
921 1021 1245 1127 στρατεύσασθαι,
1277 1025 1474 1129 εὐεργέτην
1504 1023 1596 1103 ὄντα
1627 1027 1693 1123 τῆς
1715 1017 1845 1102 πόλεος

466 1159 505 1235 ἐν
524 1162 654 1250 πᾶσιν,
668 1157 728 1235 καὶ
748 1153 808 1234 διὰ
828 1153 892 1240 τὰς
912 1155 1218 1260 ἀνυπερβλήτους
1238 1157 1352 1238 αὐτοῦ
1370 1159 1456 1260 περὶ
1474 1152 1602 1237 πάντα
1618 1153 1842 1262 φιλοδοοίας.

668 1405 1119 1428 ...............
1133 1356 1475 1432 λΝΙλΙΟΙΒΕΙΝΟ

667 1463 1562 1536 ΦΘΑΡΕΝΚΑΤΑΣΚΕΥΑΣΑΝΤΑΔΕΕΚΤΟΚΩΝ

695 1575 1564 1648 ΕΣΤΟΑΝΤΗΣΓΕΡΟΥΣΙΑΣΚΑΙΤΑΠΡΟΒΑΛ

696 1690 731 1757 ΕΙ
743 1737 753 1756 .
767 1689 1601 1759 ΠΑΝΤΑΣΥΝΤΩΛΟΥΤΡΩΝΙΚΑΙΤΟΙΣΛΟ

596 1803 617 1872 5
671 1801 1625 1872 ΠΟΙΣΠΡΟΣΚΟΣΜΗΜΑΣΙΠΑΣΙΝΕΚΤΩΝΥΠΟ

670 1913 1659 1986 &marcommannas->summitnoaetxrtt

671 2027 1752 2098 ΜΑΤΩΝΑΝΑΔΕΞΛΜΕΝΟΝΤΟΙΣΑΝΑΝΚΑΙΟΤΑΤΟΙ

671 2137 1661 2212 ΚΑΙΡΟΙΣΣΕΙΤΩΝΙΑΣΠΛΕΟΝΑΚΙΣΟΤΕΜΗΔΕΙΣ

671 2253 1645 2325 ΚΑΙΦΥΛΑΞΑΝΤΑΤΗΝΕΥΘΗΝΙΑΝΠΡΟΣΚΑΘΙΕ

573 2367 618 2436 10
672 2365 1589 2437 ΡΩΣΑΝΤΑΤΟΙΣΠΑΤΡΩΟΙΣΚΑΙΜΗΤΡΩΟΙΣ

673 2481 698 2546 Γ
701 2478 1635 2550 ΕΡΟΥΣΙΑΚΟΙΣΧΡΗΜΑΣΙΝΚΑΙΙΔΙΟΝΧΡΗΜΑ

673 2591 1649 2662 ΕΙΣΤΕΤΗΝΤΟΥΣΕΒΑΣΓΟΥΕΠΙΤΑΓΗΝΓΕΙΣΑΝ

670 2703 1483 2776 ΤΑΔΙΑΤΗΣΕΑΥΤΟΥΜΕΓΑΛΟΦΡΟΣΥΝ
1489 2704 1625 2774 ΗΣΠΟ

672 2815 1699 2887 ΛΕΙΤΑΣΑΥΤΟΜΟΛΟΥΣΣΤΡΑΤΕΥΣΑΣΘΑΙΕΥΕΡΓ
1702 2817 1725 2884 Ε

574 2931 618 2998 15
669 2928 1759 3001 ΤΗΝΟΝΤΑΤΗΣΠΟΛΕΩΣΕΝΠΑΣΙΝΚΑΙΔΙΑΤΑΣΑΝΥ

676 3041 1705 3113 ΠΕΡΒΛΗΤΟΥΣΑΥΤΟΥΠΕΡΙΠΑΝΤΑΦΙΛΟΔΟΣΙΑΣ

550 3217 696 3289 Titulus
721 3241 869 3290 mancus
887 3217 996 3289 estin
1013 3217 1130 3313 capite
1148 3217 1212 3291 ubi
1237 3241 1369 3290 nomen
1387 3216 1477 3290 civis
1495 3214 1683 3312 cujusdam
1709 3207 1848 3285 illustris

475 3337 537 3432 qui
555 3337 593 3408 in
610 3337 760 3433 patriam
778 3359 887 3432 quam
904 3337 1063 3410 maxima
1079 3335 1255 3410 beneficia
1271 3337 1473 3410 contulerat
1486 3337 1760 3424 memorabatur,
1777 3354 1848 3426 qua·

475 3474 622 3556 propter
638 3457 812 3532 honorem
831 3471 957 3532 statuae
974 3459 1105 3532 aTeiis
1121 3458 1240 3532 fuerat
1256 3472 1509 3554 consequutus.
1554 3456 1708 3553 Reliqua
1724 3455 1849 3546 integlt

474 3581 549 3653 fere
575 3579 758 3666 habemus,
776 3581 814 3652 in
842 3580 974 3674 quibus
997 3591 1232 3652 recensentur
1253 3578 1395 3676 egregie
1421 3577 1524 3663 faeta,
1543 3576 1663 3673 qualia
1686 3585 1784 3648 erant
1806 3571 1849 3640 in·

476 3701 647 3773 stauratio
664 3701 833 3796 porticus,
852 3711 918 3772 etc.
939 3699 1113 3786 Gerusian,
1140 3698 1273 3772 levatio
1295 3722 1455 3784 annonae‚
1473 3710 1511 3771 et
1529 3697 1683 3770 militum
1701 3694 1848 3768 volunta·¹

474 3822 610 3893 riorum
629 3819 828 3891 secundum
846 3818 1005 3892 edictum
1023 3818 1293 3914 imperatorium
1306 3817 1545 3912 conscriptio:
1574 3813 1781 3888 haecomnia
1798 3805 1847 3878 rei

477 3941 522 4014 de
539 3940 694 4037 propriis
710 3940 941 4036 facultatibus
959 3940 1018 4014 vel
1034 3954 1235 4038 parentum,
1253 3964 1342 4036 quas
1360 3941 1529 4012 nimirum
1552 3939 1750 4012 senioribus
1766 3934 1848 4005 inter

475 4061 573 4133 cives
592 4061 860 4156 spectatissimis
876 4061 1110 4158 legaverant&

552 4181 712 4255 AEtatem
742 4179 851 4278 hujus
883 4180 980 4254 tituli
1008 4178 1232 4253 definiverim
1259 4177 1369 4252 fuisse
1399 4175 1598 4270 Octaviani,
1629 4189 1736 4272 atque
1762 4169 1849 4244 illico

696 4385 708 4425 q
726 4384 769 4442 Se.
783 4383 926 4442 Gerusioe:
947 4381 1131 4459 appellantur
1140 4383 1265 4462 χρίματα
1279 4380 1433 4458 mauriana}
1447 4377 1477 4436 in
1492 4377 1538 4436 tit.
1554 4399 1581 4438 v.
1598 4377 1642 4435 ll.
