3956 5248
428 549 490 614 406
975 545 1267 611 AUGTARIUM.
1512 544 1635 633 [rusca.
1651 565 1815 620 ccr.,ccr1.

425 737 548 820 jectum
571 757 627 820 per
652 747 776 820 tempus
800 731 835 796 in
859 731 928 796 hcc.
944 745 1050 796 nostro
1074 729 1249 808 definitum,
1274 754 1322 796 an.
1346 731 1438 796 1356.
1465 755 1508 796 sc.
1533 750 1601 794 xvr.
1625 730 1756 796 loannis
1774 729 1812 794 V.

429 839 608 927 Palaeologi.

1068 960 1187 1027 CCVI.

495 1111 523 1176 1.
547 1110 733 1176 Ἀντωνίαν.
777 1105 890 1193 Neptis
904 1105 964 1170 suit
979 1105 1120 1194 Augusti
1134 1129 1191 1192 per
1205 1129 1341 1172 sororem
1355 1107 1423 1193 ejus
1438 1105 1616 1186 Octaviam,
1632 1131 1702 1192 quae
1715 1107 1812 1174 fuerat

429 1215 538 1279 Marco
553 1210 697 1277 Antonio
709 1209 831 1274 HIviro
845 1211 970 1297 nupta⁰.
1015 1207 1172 1274 Memorat
1186 1223 1218 1274 et
1234 1209 1388 1286 Tacitus,
1403 1213 1549 1298 majorari
1572 1223 1748 1275 constanter
1762 1235 1811 1299 ap·

428 1322 557 1410 pellens,
575 1319 655 1384 miro
669 1319 767 1407 lapsu,
780 1341 878 1404 quum
892 1329 1014 1384 constet
1028 1339 1070 1381 ex
1087 1315 1239 1382 Suetonio
1254 1331 1286 1382 et
1300 1315 1471 1381 Plutarcho
1486 1317 1662 1382 Antoniam
1677 1339 1747 1402 quae
1761 1341 1812 1404 pro

428 1427 496 1491 viro
511 1425 623 1492 habuit
637 1425 815 1490 Domitium
829 1425 1078 1490 Ahenobarbum
1095 1447 1204 1490 revera
1217 1427 1362 1513 aaajorem
1375 1424 1478 1490 firisse.
1523 1424 1673 1490 Ceterum
1688 1423 1811 1488 videant

429 1533 614 1619 interpretes
628 1555 691 1617 quo
706 1543 797 1618 pacto
812 1529 879 1595 haec
894 1527 1054 1596 conciliari
1068 1541 1218 1616 possunt:
1239 1552 1305 1594 nou
1319 1541 1460 1594 nostrum
1475 1541 1545 1596 ests.

491 1637 634 1704 Antonia
646 1637 700 1702 hic
714 1649 885 1703 memorata
899 1635 1046 1702 maritum
1060 1634 1173 1700 habuit
1181 1633 1339 1700 Neronem
1346 1634 1516 1701 Claudium
1523 1635 1677 1700 Drusumr
1690 1635 1810 1701 fratrem

430 1749 553 1816 Tiberii
581 1747 787 1837 imperatoris,
815 1747 870 1834 qui
899 1746 933 1811 in
959 1771 989 1810 v.
1013 1749 1041 1810 7.
1067 1745 1243 1834 appellatur
1265 1745 1487 1834 υἱοσέβαστος,
1513 1744 1631 1832 quippe
1660 1768 1702 1810 ex
1726 1744 1813 1810 Livia

429 1855 569 1922 Drusilla
589 1871 680 1921 natus
706 1869 777 1943 post
799 1855 867 1939 ejus
889 1877 962 1918 curn
985 1853 1134 1941 Augusto
1157 1850 1401 1928 matrimonium,
1428 1848 1513 1916 unde
1532 1874 1640 1916 versus
1664 1849 1812 1916 irrisoriae

429 1965 542 2030 citatus
556 1988 575 2029 a
591 1963 753 2042 SuetoniO,
771 1971 846 2040 Τοῖς
867 1962 1034 2048 εὐτυχοῦσι
1059 1965 1108 2028 cal
1131 1965 1265 2048 rplunvc
1289 1957 1416 2028 reida:
1439 1969 1471 2024 ai
1496 1957 1598 2045 reipsa
1623 1957 1735 2024 sterilis
1756 1957 1812 2020 fuit

427 2069 536 2158 magni
551 2068 751 2157 Imperatoris
765 2067 894 2136 thorus:
916 2067 1039 2134 Drusus
1052 2065 1156 2136 senior
1170 2079 1202 2132 et
1217 2067 1364 2133 Tiberius
1377 2066 1437 2132 filii
1450 2077 1539 2132 erant
1553 2064 1676 2132 Tiberii
1693 2063 1812 2130 Claudii

427 2173 570 2252 Neronis,
591 2173 646 2259 qui
670 2173 837 2240 discrimen
860 2173 921 2240 tale
944 2173 1063 2242 adierat
1084 2175 1124 2241 ob
1144 2174 1353 2264 patrocinium
1375 2197 1483 2240 eorum
1509 2171 1564 2259 qui
1587 2172 1622 2238 in
1645 2171 1811 2259 Campania

427 2305 518 2370 agros
532 2281 755 2371 perdiderant'.

491 2389 590 2456 Recte
616 2386 732 2452 dicitur
754 2384 900 2452 Antonia
923 2384 957 2450 in
982 2409 1035 2450 vv.
1063 2387 1091 2450 ⁷.
1111 2408 1149 2450 ss.
1179 2397 1279 2450 mater
1304 2383 1484 2475 Germanici
1509 2381 1649 2460 (laseris,
1680 2379 1810 2456 Claudii,

429 2494 552 2560 Liviaei.
596 2493 688 2559 Prior
710 2515 826 2558 nomen
845 2491 958 2558 habuit
976 2515 1018 2558 ex
1040 2505 1128 2579 patre
1142 2491 1246 2556 Druso
1262 2490 1408 2568 seniores,
1423 2487 1615 2574 titulumque
1630 2486 1759 2552 Deseris
1772 2509 1810 2550 ex

425 2625 488 2688 quo
502 2614 653 2688 tempore,
665 2611 790 2666 auctore
801 2599 958 2686 Augusto,
970 2597 1134 2684 adoptatus
1149 2595 1249 2662 fuerat
1263 2595 1432 2672 aTiberio,
1447 2617 1561 2680 nempe
1576 2617 1625 2659 an.
1642 2593 1683 2658 U.
1696 2591 1733 2658 C.
1745 2593 1810 2658 757.

429 2705 557 2774 Claudii
581 2705 777 2792 imperatoris
802 2729 986 2794 cognomen,
1011 2705 1228 2784 Germanicus,
1250 2728 1293 2770 ex
1318 2702 1429 2770 eodem
1448 2702 1534 2768 fonte
1549 2681 1727 2766 derivamm
1750 2713 1811 2764 est:

429 2813 573 2882 Suetonii
587 2837 662 2880 vero
678 2826 802 2900 oportet
826 2813 1005 2880 meminisse
1029 2810 1192 2878 referentis
1217 2809 1383 2876 adscivisse
1405 2808 1487 2874 illud
1501 2806 1672 2874 Claudium
1692 2820 1812 2894 propter

426 2919 553 2986 fratrem
568 2918 719 3004 majorem
733 2917 768 2982 in
782 2917 934 2984 familiam
948 2918 971 2984 J
972 2917 1068 2984 uliam
1084 2917 1252 3005 adoptione
1268 2929 1484 3006 assumptum'.
1516 2915 1654 2994 Deinde,
1668 2916 1704 2980 in
1717 2941 1749 2984 v.
1758 2917 1811 2990 11.,

430 3024 689 3092 commemoratio
715 3036 762 3090 est
787 3022 899 3101 Liviae,
920 3023 1030 3090 uxoris
1059 3024 1197 3111 primunr
1227 3022 1297 3090 Gaii
1328 3022 1467 3100 Caesaris,
1492 3021 1692 3111 postmodum
1721 3019 1811 3086 Drusi

423 3129 568 3218 junioris.
611 3127 803 3216 Appellatur
817 3126 988 3214 Ἀφροδίτη
1003 3128 1183 3216 Ἀγχισιᾶς,
1199 3142 1408 3224 cognomenta¹
1433 3129 1472 3195 ab
1492 3128 1660 3198 Iliensibus
1683 3129 1813 3218 prosecta

427 3260 525 3324 quum
550 3235 633 3302 inter
648 3234 747 3300 Diras
772 3232 971 3321 reciperetur,
987 3246 1020 3298 et
1042 3231 1165 3298 civitati
1191 3232 1332 3321 apprime
1354 3233 1610 3300 convenientia':
1632 3258 1692 3301 nec
1714 3233 1810 3300 minus

456 3433 469 3460 ⁰
485 3427 551 3477 Ocni.
564 3427 631 3474 Dion
641 3439 732 3474 xnrru.
745 3429 783 3474 61.
801 3426 901 3486 appan.
917 3426 975 3474 Bell.
991 3425 1060 3476 civil.
1072 3440 1095 3472 v.
1147 3426 1276 3474 Domitium
1282 3434 1376 3488 patrem
1387 3427 1498 3489 cumfilic
1509 3427 1634 3476 conhmdit.

426 3513 464 3559 64.
476 3511 515 3556 iin
539 3509 655 3556 Plutarch.
665 3509 750 3556 Antou.
763 3523 882 3556 nxxxvrr.
1178 3517 1188 3542 ¹
1205 3511 1297 3559 Sueten.
1309 3512 1348 3559 cit.
1360 3525 1421 3572 supr.
1432 3513 1458 3559 in
1469 3511 1572 3561 Claudio.

457 3601 470 3636 r
485 3593 571 3643 Annei
587 3607 622 3640 rr.
635 3596 674 3641 44.
686 3607 732 3642 xu.
746 3597 784 3642 64.
796 3594 846 3642 scil.
870 3593 972 3642 Antonia
983 3608 1035 3655 que
1046 3593 1095 3642 Dc-
1179 3599 1189 3624 ¹
1209 3595 1269 3644 Vide
1280 3597 1367 3645 Patare
1378 3597 1441 3645 Hist.
1449 3611 1477 3645 rr.
1489 3599 1528 3646 76.
1538 3597 1589 3646 init.

424 3682 491 3730 mitio
501 3685 611 3741 nupserat
621 3680 736 3740 appellata
747 3681 840 3727 minore.
874 3680 919 3728 Sed
932 3681 990 3727 coni.
1002 3693 1096 3728 acema-
1180 3682 1187 3712 ¹
1207 3681 1299 3729 Sueten.
1312 3681 1393 3730 Claud
1406 3696 1423 3730 r.
1435 3688 1496 3729 extr.

424 3763 572 3812 tissimumin
580 3761 666 3809 talibus
677 3761 769 3810 Sueten.
780 3761 855 3824 Calig.
864 3775 882 3810 1.
892 3760 973 3810 Claud.
982 3774 998 3807 a
1010 3761 1095 3808 Neron.
1175 3771 1186 3798 ⁰
1203 3766 1320 3813 Dionnv.
1332 3769 1353 3813 1.
1371 3765 1636 3814 sichomantium
1651 3767 1729 3824 Drmi,
1743 3779 1764 3814 v.
1773 3765 1806 3811 89.

424 3863 449 3897 v.
465 3855 489 3898 at
504 3845 622 3898 Plutarch
640 3847 680 3894 ubi
700 3861 762 3906 supr.
779 3847 921 3894 Historicum
939 3845 1053 3895 illrutrem
1071 3846 1096 3894 in
1176 3855 1186 3880 ⁹
1204 3849 1232 3895 In
1244 3849 1347 3898 Claudio.
1359 3861 1388 3896 u.
1400 3849 1451 3896 nia
1469 3849 1529 3898 Oba.
1538 3863 1665 3911 cognomen
1673 3865 1734 3911 supr.
1743 3858 1806 3897 carri.

424 3934 499 3982 haere
510 3932 621 3978 titubasse
631 3929 709 3976 nullus
719 3931 806 3977 dubito.
1144 3941 1167 3982 ct
1178 3935 1202 3982 iu
1213 3933 1302 3982 Bdclrh.
1311 3949 1334 3981 n.
1345 3937 1417 3982 8610.

445 4023 469 4074 ¹r
484 4014 544 4062 Vide
555 4014 656 4064 Gronov.
666 4014 696 4060 ad
704 4013 778 4060 Tacit.
787 4013 873 4065 Anucl·
884 4026 919 4062 rr.
928 4015 967 4060 44.
984 4013 1094 4072 lupam,
1178 4023 1193 4048 '
1203 4017 1327 4076 Nimirum,
1347 4017 1441 4064 nomina
1455 4017 1631 4064 mnsemtionis
1647 4017 1738 4065 diverse
1752 4017 1807 4063 sucre

424 4099 455 4147 ad
474 4109 521 4144 xn.
532 4098 570 4144 64.
595 4096 690 4144 emtore
703 4096 790 4157 judicic
806 4096 896 4144 Emesa
914 4098 1095 4146 emendationem
1145 4101 1207 4161 apud
1217 4101 1320 4148 &versas
1335 4099 1580 4158 civitatesprcesrurn
1592 4099 1741 4146 tuteienbrsr
1756 4109 1807 4146 axx·

425 4183 537 4232 Gronovii
553 4182 647 4242 respuit
676 4182 766 4228 Revera
785 4183 894 4242 historici,
915 4184 971 4230 dnm
988 4184 1096 4243 gratiora
1146 4184 1275 4231 urrisu.
1298 4183 1408 4240 HPAN,
1430 4181 1528 4230 Livia
1551 4181 1650 4239 lvuo,
1672 4177 1806 4230 roratas.

423 4271 532 4324 tracum,
543 4265 567 4312 in
576 4266 612 4312 his
623 4265 716 4312 levioris
726 4267 836 4312 momenti
843 4266 966 4328 aliquando
977 4267 1094 4316 falluntur.
1147 4269 1349 4318 aaronitas.
1383 4269 1449 4318 Cani
1461 4265 1554 4315 thhel
1563 4267 1609 4314 voi.
1619 4277 1655 4315 vr.
1666 4281 1689 4328 p
1704 4269 1754 4316 146
1764 4279 1783 4311 a

424 4347 566 4408 Exemplum
576 4348 666 4408 insigne
677 4348 730 4395 vide
740 4348 773 4396 sis
781 4349 806 4395 ia
815 4349 882 4395 Dian.
894 4361 985 4396 xnrua
996 4351 1043 4409 54,
1055 4352 1096 4411 qui
