3956 5248
177 575 621 664 roseaceum-mmmm]
790 575 967 644 PERGA..

778 853 952 922 CCXXX.

241 1003 269 1066 1.
291 1042 306 1055 -
322 1045 333 1056 -
348 1045 362 1056 ·
377 1033 435 1082 mc.
464 1003 503 1067 ln
526 1002 587 1068 hoc
614 1002 789 1090 fragmento
808 1001 937 1068 forsitan
961 1003 1115 1069 delitescit
1138 1028 1252 1070 nomen
1278 1007 1467 1094 Ἀρτεμισία,
1490 1033 1558 1094 quae

176 1107 282 1173 matris
296 1108 357 1174 fuit
369 1123 401 1174 et
415 1110 534 1186 sororis,
550 1134 602 1174 vv.
617 1111 647 1172 4.
664 1133 686 1174 s.

240 1215 268 1276 2.
295 1221 469 1302 Περγαίων,
486 1227 544 1279 etc.
590 1211 748 1278 Tutelaris
761 1213 822 1277 fuit
837 1213 946 1300 Pergae
964 1211 1079 1292 Diana,
1094 1227 1127 1278 et
1142 1215 1230 1280 cultu
1254 1216 1331 1280 adeo
1353 1217 1503 1306 insignita
1524 1231 1560 1283 ut

175 1343 273 1407 prope
297 1343 415 1386 numen
441 1319 650 1408 Ephesiorum
679 1321 886 1386 aemularetur.
932 1319 1080 1386 Testetur
1106 1321 1246 1387 Strabo:
1272 1330 1330 1390 Kal
1352 1325 1490 1403 πλησίον
1510 1329 1558 1392 ε’τὶ

175 1429 328 1514 μετεώρου
347 1429 446 1496 τόπου
470 1432 506 1496 τὸ
531 1439 586 1506 τῆς
608 1435 768 1516 [lappelee
782 1429 963 1517 Ἀρτέμιδος
986 1431 1082 1516 ἱερόν,
1104 1435 1137 1498 ἐν
1156 1431 1181 1518 ᾦ
1201 1437 1379 1518 πανήγυρις
1403 1435 1465 1500 κατ’
1490 1435 1560 1510 ἔτος

176 1533 373 1601 συντελεῖται.
429 1533 652 1600 Callimachus*
678 1558 812 1620 quoque,
837 1549 870 1600 et
895 1535 1006 1601 Cicero
1029 1535 1063 1599 in
1089 1536 1259 1601 Verrinis⁸.
1310 1538 1441 1602 Nummi
1465 1563 1559 1624 quam

175 1637 303 1725 plurimi
317 1639 453 1704 nitentur
467 1639 506 1703 ab
521 1636 691 1703 hlclrheliob
707 1661 838 1723 quorum
854 1638 924 1726 typi
939 1651 971 1704 et
984 1638 1163 1726 epigraphae
1178 1639 1287 1706 eodem
1308 1654 1458 1727 spectant.

239 1744 340 1831 Apud
359 1755 483 1809 exteros
501 1743 637 1808 invaluit
656 1743 766 1809 Dianae
786 1743 950 1833 Pergensis
972 1743 1082 1820 cultus,
1103 1744 1246 1812 similiter
1264 1771 1300 1811 ac
1320 1746 1497 1834 Ephesiate,
1524 1761 1560 1810 ut

174 1849 282 1916 videre
296 1864 344 1916 est
357 1873 400 1916 ex
413 1850 507 1915 titulo
518 1850 726 1918 Halicarnass.
755 1850 892 1918 Boethii
907 1875 940 1916 n.
958 1852 1052 1918 2656.
1067 1854 1095 1918 5.
1125 1851 1215 1918 conf.
1229 1853 1362 1920 Eclrhel.
1374 1853 1408 1917 in
1423 1855 1560 1918 nummis

173 1955 386 2023 Attalensium
401 1956 606 2045 Pamphyliae.

240 2069 267 2131 3.
286 2073 354 2138 Kal.
371 2067 443 2135 Hoc
453 2067 658 2156 pretulerim:
675 2067 727 2134 alii
739 2069 873 2147 fortasse,
886 2083 922 2134 ut
933 2069 973 2135 sit
988 2065 1081 2135 1(Υο
1095 2070 1216 2158 syllaba
1236 2071 1337 2137 finalis
1354 2095 1464 2160 parum
1483 2073 1559 2138 scite

174 2172 328 2262 descripta
342 2173 473 2261 alicujus
487 2173 628 2262 epitheti,
644 2197 695 2240 ex.
711 2198 737 2238 c.
753 2177 849 2262 ἱεροῦο
864 2174 1006 2253 ἐνδόξου,
1023 2175 1194 2254 θειοτάτου,
1210 2189 1268 2242 etc.
1292 2176 1371 2256 Quae
1385 2191 1558 2261 sequuntur

174 2291 263 2344 erant
276 2279 368 2344 valde
378 2279 560 2344 indistincta
573 2277 607 2342 in
622 2301 783 2344 marmore.
807 2278 954 2344 Ceterum
970 2277 1009 2342 de
1024 2301 1139 2344 nomm.
1156 2279 1300 2344 mosculis
1315 2304 1386 2346 cum
1399 2281 1557 2346 femininis

173 2385 348 2469 conjunctis
365 2385 438 2450 vide
458 2407 551 2472 supra
564 2398 628 2449 not.
643 2405 773 2449 ccxxvr.
790 2385 819 2448 3.
842 2384 937 2464 Quod
952 2385 1092 2471 expressi
1109 2385 1272 2464 Πολοίνης
1287 2386 1321 2450 in
1335 2409 1387 2450 vv.
1405 2387 1476 2450 3-4.
1492 2399 1557 2452 erat

172 2489 298 2555 fortasse
314 2491 482 2568 Τολυῐνης.
526 2490 565 2554 In
579 2489 707 2554 nomine
717 2487 889 2554 Artemisia
903 2489 988 2574 quod
1002 2488 1127 2554 familiae
1142 2488 1268 2555 videtur
1282 2489 1376 2555 fuisse
1391 2515 1556 2557 commune

172 2595 327 2660 cernimus
337 2594 521 2683 religionem
536 2594 734 2683 popularium
749 2617 937 2682 expressam.

237 2702 265 2764 6.
284 2701 463 2788 Ἔπορχος.
508 2700 586 2766 Erat
604 2723 717 2788 nempe
732 2699 836 2766 Vama
852 2699 1017 2787 Prmsectua
1031 2702 1087 2765 οἱον
1103 2700 1130 2764 I.
1150 2700 1351 2777 Cohanoauw
1376 2703 1449 2767 vide
1464 2727 1556 2789 supra

171 2820 236 2870 not.
250 2807 290 2872 ad
304 2807 352 2872 tit.
367 2827 520 2872 ctxxxrx.
538 2809 586 2871 10.
632 2807 681 2872 De
697 2807 867 2873 chiliarcho
882 2807 915 2871 in
931 2833 960 2872 v.
977 2810 1006 2874 8.
1022 2807 1095 2873 vide
1110 2821 1173 2871 not.
1189 2807 1266 2871 ibid.
1279 2833 1309 2871 v.
1322 2811 1350 2873 9.

763 3033 956 3100 CCXXXI.

234 3185 420 3264 5;,Πόλεως
435 3185 508 3274 θυγ.
531 3185 617 3252 Vide
640 3209 732 3273 supra
751 3184 811 3249 titt.
836 3205 890 3248 tx.
909 3187 939 3248 2.
954 3203 1026 3248 ccrr.
1044 3187 1072 3247 2.
1116 3185 1154 3248 ln
1177 3186 1286 3272 fragm.
1310 3165 1338 3250 d.
1358 3187 1486 3252 obvium
1507 3201 1553 3250 est

167 3311 283 3356 nomen
293 3287 389 3352 Vama
403 3289 488 3379 quod
501 3289 626 3356 videtur
639 3289 734 3354 fuisse
748 3287 871 3375 insigne
886 3287 920 3354 in
935 3287 993 3353 hac
1004 3288 1131 3353 civitate
1148 3315 1155 3352 z
1178 3289 1242 3354 vid.
1258 3311 1373 3356 ccxxx.
1392 3293 1421 3356 6.

744 3511 973 3578 CCXXXIII.

234 3652 261 3716 l.
286 3655 424 3739 Πάτρον.
472 3653 636 3741 Originem
665 3654 759 3741 hujus
789 3655 924 3720 nominis
951 3655 1076 3722 videtur
1101 3657 1255 3723 illustrare
1284 3660 1368 3746 quod
1393 3663 1431 3725 de
1455 3662 1549 3728 heroe

166 3756 280 3823 Patrao
294 3757 466 3845 disputavit
480 3759 624 3826 Khellius
641 3760 753 3828 citatus
767 3762 806 3826 ab
822 3760 992 3826 Eclrheliod
1007 3761 1040 3826 in
1055 3763 1191 3828 nummis
1202 3763 1355 3852 Aspendi,
1372 3779 1404 3831 et
1417 3768 1547 3853 proinde

165 3864 323 3930 AEolicam
340 3863 482 3929 Sidetum
497 3864 670 3953 prosapiam
687 3888 779 3954 quam
791 3864 919 3930 tradunt
938 3864 1062 3931 Straboe
1077 3879 1108 3932 et
1123 3867 1293 3933 Arrianus‘.

197 4115 208 4150 1
225 4108 286 4155 rubr.
295 4120 349 4154 xrv.
362 4109 384 4155 t.
396 4121 418 4166 p.
431 4108 485 4154 218.
498 4105 600 4152 Tauchn.
908 4109 918 4132 ⁶
935 4101 1029 4150 Eckhel.
1041 4103 1095 4149 ibid.
1107 4118 1129 4163 p
1144 4106 1181 4151 14.
1190 4118 1213 4151 n.

166 4229 171 4239 .
196 4193 310 4254 ¹Hynm.
322 4193 352 4238 ad
363 4191 525 4240 Dian.v.187.
908 4185 1006 4232 dllum.
1018 4187 1070 4234 Vet.
1082 4187 1192 4236 Auoedot.
1204 4203 1241 4248 pp.
1254 4192 1307 4238 221.
1321 4205 1339 4236 a.

194 4277 393 4324 apoempw,
908 4271 1234 4330 ‘Hmmuopffltffi

194 4359 206 4390 θ
222 4360 353 4408 Documetc
362 4357 407 4406 vol.
420 4369 457 4404 ru.
471 4369 493 4414 p.
508 4358 544 4403 11.
554 4369 574 4407 a·
589 4357 625 4404 12.
637 4369 666 4403 aa
910 4352 919 4386 f
935 4355 1024 4414 espen
1036 4355 1105 4402 Alex
1119 4369 1135 4402 1.
1150 4358 1189 4404 26.
