3956 5248
427 552 490 614 374
973 545 1265 612 AUOTARIUM.
1584 545 1708 634 [traca.
1726 567 1815 610 cum.

430 735 605 801 Demostb!
623 735 706 802 Ἴστε
730 735 794 820 γὰρ
817 743 930 800 τοῦτον
954 737 986 799 ἐν
1015 739 1059 819 τῷ
1082 730 1168 818 δήμῳ
1197 734 1357 816 ὀμόσαντα
1373 767 1496 785 ·····
1513 739 1561 800 καὶ
1585 732 1813 819 καθιερώσαντα

428 846 486 920 τὴν
501 844 613 909 οὐσίαν
628 829 821 918 τὴνῖαυτοῦ,
836 861 950 926 nempe
962 836 1124 902 Minerva.
1150 837 1203 902 Sic
1218 861 1342 922 quoque
1355 837 1465 902 LXX.
1479 837 1514 902 in
1528 839 1729 926 Apocryph.⁵
1752 838 1812 904 Hic

429 974 498 1036 quar
513 948 649 1014 civitatis
663 946 792 1011 utilitati
805 946 1030 1011 addicebantur
1052 957 1231 1031 spectantur
1253 957 1403 1030 tauquam
1417 947 1555 1020 ἅοηαήα,
1571 959 1608 1008 ut
1628 943 1662 1008 in
1679 944 1729 1008 tit.
1745 943 1811 1007 infr.

427 1076 556 1120 cuxxvr.
574 1057 623 1118 13.
640 1053 814 1132 ἀναθέντα.
831 1054 907 1118 urbe
923 1052 1023 1140 patria
1037 1051 1125 1137 quasi
1140 1075 1196 1139 pro
1211 1052 1340 1117 numine
1355 1051 1472 1117 habita.

491 1161 671 1248 Simplicior
684 1183 789 1226 aeneus
800 1163 966 1226 verborum
981 1165 1171 1247 γερουσιακὰ
1188 1166 1331 1248 χρήματα
1342 1177 1397 1236 eat,
1410 1160 1553 1226 Pecunia
1562 1161 1665 1244 lapara
1678 1163 1713 1224 ia
1728 1185 1811 1224 urum

428 1271 561 1354 ayaedrii
577 1268 743 1334 Geruaioel’:
765 1268 838 1333 vide
853 1289 983 1333 ctxxvr.
1001 1270 1053 1333 23.
1070 1293 1092 1332 a.
1127 1268 1232 1332 Fenus
1246 1269 1280 1333 in
1295 1267 1470 1334 reficiendis
1484 1281 1518 1333 et
1536 1267 1683 1332 ornandis
1699 1268 1813 1334 aedibue

430 1373 524 1457 hujus
538 1389 700 1462 erogatum
715 1373 852 1439 vidimus
867 1398 960 1462 supra
973 1375 1007 1438 in
1022 1399 1074 1438 vv.
1092 1377 1120 1438 2.
1136 1398 1175 1442 aa.

497 1482 546 1542 12.
571 1484 627 1557 Εἷς
637 1479 668 1548 δὲ
683 1485 740 1559 τὴν
750 1511 777 1549 κ.
789 1511 816 1548 r.
828 1481 859 1548 λ.
882 1481 926 1544 Et
941 1486 1003 1568 qni,
1016 1485 1107 1548 edicto
1122 1485 1315 1570 imperatorio
1330 1484 1515 1568 obseptam,
1527 1485 1607 1559 daea,
1620 1485 1811 1569 ampb'arimis

431 1587 605 1650 muner-thar
619 1588 733 1664 oblatio,
741 1611 903 1674 peraeaeaoa
920 1589 1065 1654 habuerat
1074 1601 1107 1653 at
1120 1603 1223 1677 aperite
1236 1615 1291 1654 auo
1305 1592 1475 1656 militarent.

497 1691 691 1756 Sententiam
714 1691 831 1778 protuli
856 1692 890 1756 in
905 1692 984 1758 VV.
1002 1692 1069 1757 LL.
1114 1693 1325 1758 Octavianum
1348 1692 1402 1758 hic
1425 1715 1481 1780 per
1507 1693 1673 1778 Σεβαστοῦ
1698 1693 1811 1759 intelli-

432 1797 579 1884 gendum,
595 1797 658 1882 qui,
674 1796 806 1862 victoria
832 1798 915 1886 apud
935 1799 1068 1864 Actium
1092 1813 1180 1887 parta
1205 1813 1237 1864 et
1261 1799 1424 1864 debellatis
1446 1799 1589 1863 Antonio
1611 1799 1762 1886 sociisque
1782 1821 1811 1863 ae

432 1903 471 1967 ad
490 1926 539 1967 rea
557 1902 640 1968 Asiae
655 1901 783 1967 minoris
806 1903 1037 1989 componendae
1062 1902 1096 1966 in
1117 1902 1226 1989 primis
1246 1902 1427 1968 contulerat.
1473 1902 1544 1968 Hoc
1568 1903 1728 1990 proposito
1747 1927 1811 1990 per-

431 2009 545 2073 multos
564 2031 684 2072 menses
708 2008 742 2070 in
768 2007 932 2094 provincia
946 2007 1066 2072 Asiana
1088 2007 1236 2073 mansisse
1250 2007 1370 2086 fertur;
1393 2007 1609 2096 conscripsisse
1624 2031 1718 2096 porro
1732 2033 1812 2097 mag-

430 2138 504 2180 nam
529 2114 594 2178 vim
623 2113 760 2178 militum
784 2137 870 2198 quoa,
903 2113 1027 2178 tutandi
1053 2137 1153 2190 cauea,
1181 2113 1215 2178 in
1240 2115 1367 2202 regione
1396 2115 1459 2191 illa,
1489 2137 1612 2180 necnon
1643 2117 1677 2180 in
1707 2117 1811 2182 vicinis

432 2219 586 2307 AEgypto,
602 2219 721 2298 Africa,
736 2219 883 2306 reliquie.

495 2323 570 2388 Huc
599 2323 719 2390 accedit
748 2325 834 2409 qnod
864 2324 1038 2410 Imperator
1067 2324 1195 2390 illustria
1224 2325 1257 2390 in
1287 2326 1424 2391 nummis
1454 2325 1607 2392 Teiorum
1637 2330 1812 2415 perhibetur

434 2431 666 2498 ΚΤΙΣΤΗΣᾱ.

499 2539 666 2606 Probabile
685 2540 757 2605 ideo
779 2563 848 2605 reor
863 2540 991 2606 titulum
1011 2540 1096 2604 hunc
1110 2553 1262 2620 nostrum,
1284 2541 1339 2627 qui
1353 2541 1512 2606 memoria
1526 2542 1622 2608 tradit
1636 2543 1760 2610 edificii
1773 2544 1815 2608 in-

434 2646 530 2734 riguis
555 2645 790 2734 reparationem,
806 2645 981 2711 Octaviano
996 2645 1090 2710 fuisse
1105 2659 1307 2724 coaetaneum,
1322 2646 1487 2732 civemque
1510 2647 1545 2711 in
1564 2672 1602 2714 eo
1621 2648 1811 2725 honoratum,

434 2777 476 2818 ex
502 2751 610 2817 ordine
626 2751 847 2828 Emeritorum,
864 2752 919 2838 qui
944 2752 1039 2818 fidem
1064 2775 1152 2818 auam
1168 2751 1424 2838 voluntatemque
1447 2777 1522 2841 erga
1544 2755 1722 2842 principem
1735 2779 1811 2821 coru·

436 2872 605 2921 monstrare
620 2856 788 2931 studuerat,
804 2855 931 2921 civitate
947 2871 1063 2933 ornata,
1078 2855 1179 2922 milite
1194 2857 1380 2944 conscripto.

501 2959 592 3025 Talia
606 2960 646 3025 ad
660 2960 742 3026 hanc
756 2961 959 3046 quaestionem
974 2963 1171 3050 pertinentia,
1187 2963 1242 3028 aed
1261 2963 1313 3030 hic
1328 2965 1515 3052 compendio
1529 2967 1659 3053 prolata,
1675 2968 1769 3034 fusius
1782 2968 1811 3031 in

435 3065 526 3131 Aetia
541 3066 722 3131 Academia
737 3066 844 3154 Regiae
860 3066 1054 3133 Hibemicae⁰
1069 3068 1189 3154 aliquot
1203 3067 1318 3134 abhinc
1333 3069 1492 3135 mensibus
1506 3071 1633 3137 tradidi.

500 3179 652 3264 Ἐπιταγή
668 3189 714 3240 est
738 3181 889 3262 ἐπίταγμα
909 3175 995 3240 tituli
1012 3174 1164 3252 Sardiani,
1180 3195 1254 3240 vrrr.
1269 3174 1368 3240 libelli
1392 3176 1519 3264 prioria¹.
1564 3178 1763 3266 Conspicitur
1782 3181 1811 3244 in

438 3283 556 3369 aeriptt.
572 3305 622 3347 ex.
636 3306 662 3346 c.
675 3281 840 3368 Polybio&
856 3279 893 3348 ‘0
904 3281 931 3349 δ’
942 3281 1191 3368 Ἡρακλείδης--
1205 3321 1217 3334 -
1230 3283 1358 3368 ἕρμαιον
1373 3286 1573 3370 ἡγησάμενος
1588 3290 1647 3362 τὴν
1661 3291 1811 3374 ἐπιταγήν.

442 3389 569 3464 Iterum,
598 3391 636 3454 Ol
663 3387 695 3455 δὲ
723 3396 874 3462 Φωκαιεῖς
894 3427 909 3439 -
923 3427 937 3439 -
952 3425 966 3438 -
980 3391 1070 3465 -τὰς
1093 3389 1243 3475 ἐπιταγὰς
1268 3383 1433 3475 δυσχερῶς
1457 3395 1606 3476 φέροντες
1628 3392 1812 3468 icraclador-

471 3635 481 3658 ¹
498 3629 562 3676 Orat
574 3631 644 3673 contu
657 3613 756 3672 'llmotlr
769 3639 791 3686 p.
806 3627 876 3674 1204.
891 3627 927 3672 10.
937 3625 966 3671 R.
1188 3631 1198 3656 ⁰
1215 3626 1251 3672 Da
1262 3626 1329 3673 rebus
1340 3625 1412 3686 gestia
1423 3625 1545 3674 maman
1561 3641 1659 3686 quarum
1674 3631 1699 3677 in
1715 3631 1755 3676 hoc
1765 3635 1813 3676 nott

473 3719 484 3745 ⁸
500 3713 587 3771 Npa
596 3725 644 3757 voc
657 3709 773 3774 ἀφιερόω.
792 3710 851 3756 Vide
859 3709 961 3756 Maccab.
974 3721 1009 3755 rv.
1020 3711 1056 3756 13.
1068 3711 1105 3756 18.
1156 3709 1256 3767 memini,
1276 3710 1334 3756 cons.
1354 3709 1422 3757 Dion.
1440 3723 1473 3756 rr.
1491 3713 1514 3756 t.
1535 3714 1571 3770 18,
1592 3718 1615 3759 at
1635 3713 1764 3761 Suetonium
1778 3713 1812 3772 qm'

474 3799 509 3845 Da
519 3798 543 3844 vi
558 3795 723 3856 prapoauonn
738 3796 763 3842 iu
779 3793 1042 3859 προσιαθιερώσαντα
1053 3793 1106 3840 vida
1156 3794 1227 3840 tradit
1241 3808 1294 3840 arun
1311 3794 1379 3841 inim
1398 3795 1464 3841 ltnm
1479 3795 1622 3842 consulatum
1637 3797 1662 3843 in
1677 3799 1738 3856 An'a,
1756 3800 1812 3845 rem

443 3883 569 3944 Schweiglr
581 3881 611 3928 ad
622 3881 784 3928 Herodotvu.
799 3882 851 3927 197.
866 3883 902 3926 11.
914 3885 938 3928 et
950 3879 1007 3926 conf.
1020 3878 1076 3926 loca.
1088 3891 1105 3924 r.
1155 3873 1180 3920 in
1196 3873 1278 3922 Samo:
1296 3873 1396 3934 August.
1412 3887 1487 3921 xxvr.
1505 3875 1564 3922 Vide
1580 3879 1612 3924 aia
1627 3887 1651 3924 et
1668 3878 1760 3926 Felrhel.
1772 3877 1811 3924 rol

442 3971 527 4016 32111.
540 3968 579 4014 65.
590 3969 649 4012 extr.
676 3964 760 4011 Vertar
768 3963 838 4024 Angl
849 3963 971 4024 Derotlay,
984 3977 1105 4021 mercarer,
1156 3973 1191 4010 vt.
1204 3975 1226 4020 p.
1237 3962 1274 4008 79.
1282 3961 1304 4007 b.

441 4055 478 4100 tir
483 4049 656 4114 privatesanda
665 4049 690 4095 in
701 4049 807 4095 addition
823 4055 846 4094 to
858 4047 921 4094 thore
933 4047 1074 4108 beqamled
1083 4053 1107 4093 tc
1187 4043 1199 4078 ⁴¹
1216 4047 1280 4094 Conf.
1291 4060 1360 4106 aupra
1371 4052 1531 4107 argumentum
1540 4047 1568 4092 de
1579 4047 1633 4105 Teo,
1647 4051 1730 4108 pabtt.

441 4136 480 4182 tlte
491 4135 590 4180 διψία
601 4134 630 4192 by
641 4132 677 4177 ἠὺ
682 4138 787 4193 parente,
800 4139 841 4178 etr.
1188 4137 1199 4164 θ
1214 4132 1267 4180 Vol
1280 4145 1335 4178 xxr.
1343 4145 1366 4191 p.
1376 4133 1414 4178 29.

473 4219 483 4252 ὓ
499 4221 572 4267 Video
589 4233 678 4266 mecum
693 4218 820 4265 consentire
831 4217 961 4265 Bbckhium
978 4218 1003 4264 in
1020 4217 1106 4266 Annct.
1191 4213 1200 4248 ¹
1215 4215 1403 4276 Vidap158.et
1413 4229 1474 4276 mpr.
1484 4230 1505 4274 p
1517 4219 1568 4263 171.

444 4307 488 4353 vol.
500 4319 528 4353 rr.
540 4320 562 4365 μ
574 4307 628 4352 671.
640 4304 662 4350 b.
1191 4308 1203 4342 τ
1220 4300 1307 4360 Ralqu.
1318 4313 1376 4348 xrrr.
1389 4303 1413 4348 4.
1428 4302 1449 4348 t.
1459 4311 1511 4348 ιιι
1521 4302 1543 4346 t.
1556 4303 1576 4346 1.
