3992 5240
460 631 521 697 108
867 625 1218 694 INSCRIPTIONES
1240 623 1431 692 GRAEOAE.
1539 623 1684 705 [mocon.
1697 647 1722 688 a.
1736 639 1836 685 fuson

524 835 545 904 5
592 823 784 904 καὶτοῦτο
805 818 845 900 δὲ
863 818 1046 924 μέγιστον
1064 821 1174 900 τοῦδε
1192 821 1278 922 περὶ
1298 813 1415 918 αὐτὴν
1435 823 1584 912 σεβασ-

592 963 665 1056 μοῦ
686 957 792 1036 ε’στιν
809 951 1009 1057 τεκμήριον
1027 949 1071 1032 τό
1092 951 1287 1052 ἐπώνυμον
1305 945 1418 1050 αὐτῆς

597 1081 688 1167 εἶναι
707 1083 774 1167 τὸν
791 1089 891 1186 μῆνα
910 1081 1143 1184 καλούμενον
1161 1081 1247 1187 παρ’
1268 1085 1357 1185 ἡμῖν
1374 1080 1443 1183 μὲν
1461 1078 1674 1186 Ἀρτεμισι-

597 1225 684 1318 ῶνα,
703 1217 807 1324 παρὰ
826 1216 866 1299 δὲ
887 1215 1108 1300 Μακεδόσιν
1127 1220 1188 1299 καὶ
1207 1224 1285 1303 τοῖς
1304 1222 1453 1302 λοιποῖς
1473 1214 1620 1297 ἔθνεσιν

595 1359 672 1438 τοῖς
690 1351 929 1454 Ἑλληνικοῖς
949 1353 1010 1431 καὶ
1029 1357 1109 1437 ταῖς
1132 1354 1172 1432 έν
1191 1351 1316 1438 αὐτοῖς
1335 1346 1499 1431 πόλεσιν
1596 1371 1599 1376 ’

506 1497 551 1568 10
597 1483 853 1590 Ἀρτεμίσιον,
874 1487 914 1565 ε’ν
932 1475 962 1592 ᾦ
980 1487 1070 1586 μηνί
1088 1479 1315 1590 πανηγύρεις
1334 1519 1374 1565 τε
1394 1485 1455 1564 καὶ
1475 1487 1572 1588 ἱερο-

596 1618 728 1720 μηνίας
748 1621 1023 1716 ἐπιτελοῦντας,
1044 1616 1295 1725 διαφερόντως
1313 1615 1354 1698 δέ
1374 1621 1414 1698 ἐν
1431 1619 1478 1722 τῇ
1497 1617 1537 1717 ἡ·

598 1751 734 1856 μετέρᾳ
751 1748 863 1832 πόλει
883 1753 929 1858 τῆ
949 1753 1079 1860 τροφῷ
1100 1757 1165 1854 τῆς
1182 1753 1275 1838 ἰδίας
1295 1757 1382 1832 θεοῦ
1401 1755 1467 1851 τῆς
1480 1747 1637 1855 Ἐφεσί-

599 1905 655 1968 ας·
676 1887 873 1988 προσῆκον
894 1881 934 1963 δέ
954 1879 1047 1964 εἶναι
1065 1881 1271 1988 ἡγούμενος
1292 1886 1311 1964 ὁ
1333 1887 1449 1984 δῆμος
1468 1887 1541 1962 τῶν

597 2013 788 2124 Ἐφεσίων
808 2013 902 2098 ὅλον
921 2013 988 2098 τόν
1005 2021 1105 2118 μῆνα
1124 2014 1190 2098 τὸν
1210 2016 1403 2117 ἐπώνυμον
1422 2023 1488 2096 τοῦ
1508 2019 1573 2115 τῆς
1593 2013 1679 2094 θεοῦ

510 2165 554 2234 15
601 2148 783 2252 ὀνόματος
803 2145 895 2232 εἶναι
915 2149 1015 2257 ἱερὸν
1034 2156 1095 2234 καὶ
1114 2155 1333 2233 ἀνακεῖσθαι
1352 2151 1399 2259 τῆ
1420 2151 1506 2258 θεῷ,

601 2286 824 2385 ἐδοκίμασεν
843 2281 904 2365 διὰ
922 2290 1031 2366 τοῦδε
1050 2295 1117 2368 τοῦ
1135 2288 1386 2394 ψηφίσματος
1406 2283 1561 2364 διατιθέ-

601 2450 659 2495 ναι
678 2411 747 2515 πῆν
765 2417 850 2518 περὶ
870 2416 983 2495 αὐτοῦ
1003 2415 1218 2520 θρησκείαν·
1241 2405 1285 2495 δι’
1308 2413 1328 2496 ὃ
1349 2411 1524 2520 δεδόχθω
1544 2413 1584 2494 ὅ·

603 2557 675 2626 λον
695 2543 762 2626 τὸν
779 2549 879 2646 μῆνα
897 2543 965 2626 τὸν
982 2544 1257 2651 Ἀρτεμισιῶνα
1275 2543 1366 2629 εἶναι
1388 2545 1488 2652 ἱερὸν
1508 2545 1570 2628 διὰ
1587 2544 1688 2629 πόσ-

601 2711 644 2760 ας
663 2674 728 2780 τὰς
747 2674 897 2779 ἡμέρας,
917 2675 1077 2779 ἄγεσθαι
1098 2673 1137 2758 δέ
1158 2675 1213 2759 ἐπ’
1234 2680 1361 2764 αὐτοῖς
1379 2681 1468 2782 μηνὶ
1486 2677 1606 2787 τούτῳ

513 2820 561 2891 20
606 2815 673 2889 τοῦ
694 2807 797 2892 έτους
816 2806 883 2892 τὰς
902 2807 1032 2914 ἑορτὰς
1051 2813 1112 2891 καί
1132 2807 1200 2913 τῆν
1219 2817 1292 2893 τῶν
1310 2807 1606 2917 Ἀρτεμισιακῶν
1623 2845 1696 2891 πα-

606 2939 759 3045 νήγυριν
777 2941 839 3020 καὶ
858 2937 923 3025 τὰς
944 2943 1166 3046 ἱερομηνίας,
1187 2937 1252 3024 ἅτε
1271 2951 1338 3025 τοῦ
1356 2940 1473 3045 μηνός
1493 2943 1587 3025 ὅλου
1606 2946 1748 3023 ἀνακει-

614 3073 727 3174 μένου
748 3075 793 3179 πῆ
815 3076 897 3181 θεῷ·
920 3076 1016 3155 οὕτω
1034 3073 1109 3180 γὰρ
1130 3079 1191 3156 έπὶ
1210 3073 1253 3158 τό
1269 3075 1421 3177 ἄμεινον
1435 3080 1500 3177 τῆς
1515 3075 1716 3180 θρησκείας
1730 3078 1846 3153 διακει-

604 3202 716 3304 μένης
735 3203 758 3303 ἡ
777 3198 890 3287 πόλις
908 3203 997 3303 ἡμῖν
1011 3201 1237 3310 ἐνδοξοτέρα
1254 3240 1296 3286 τε
1315 3207 1375 3286 καὶ
1396 3205 1709 3309 εὖδαιμονεστέρα
1729 3291 1732 3296 ,

862 3341 913 3421 είς
927 3334 994 3418 τὸν
1012 3336 1136 3420 πάντα
1154 3342 1319 3440 διαμενεῖ
1334 3336 1485 3445 χρόνον.

554 3525 708 3624 supplet
724 3525 762 3598 in
779 3523 883 3600 initio
901 3523 1106 3620 Bockhius3
1131 3519 1175 3599 οὐ
1193 3515 1311 3621 μόνον
1329 3521 1370 3600 έν
1389 3521 1435 3627 τῆ
1455 3519 1615 3629 ἡμετέρᾳ
1633 3516 1744 3602 πόλει
1763 3507 1850 3598 ἀλλὰ

478 3646 537 3724 καί
556 3641 659 3748 παρὰ
677 3649 755 3728 τοῖς
775 3642 909 3728 ἄλλοις
921 3635 1094 3746 Ἕλλησι
1113 3653 1307 3750 πανταχοῦ
1326 3680 1360 3726 κ.
1377 3680 1411 3726 τ.
1425 3657 1463 3725 λ.
1494 3653 1638 3728 Deinde
1655 3654 1692 3727 in
1710 3679 1742 3726 v.
1756 3657 1786 3728 2.
1801 3647 1850 3722 fin.

477 3769 609 3871 τεμένη
630 3770 701 3849 καί.
742 3777 874 3852 Cetera
890 3777 1104 3850 concinnavi
1125 3801 1173 3850 ex
1199 3776 1270 3852 fide
1296 3779 1496 3876 praesertim
1509 3777 1710 3877 ¹apographi
1728 3771 1851 3852 Borrel-

477 3903 583 3993 liani3
610 3929 644 3974 v.
659 3926 688 3975 c.
706 3902 744 3974 iu
762 3927 794 3974 v.
810 3904 842 3974 4.
861 3902 926 3976 nbi
943 3893 1119 3997 ἐναργέας
1136 3901 1264 3976 admisi
1280 3927 1347 4002 pro
1365 3902 1576 3979 Bockhiono
1594 3899 1769 4001 ἐναργεῖς.
1805 3901 1851 3974 De

477 4023 522 4096 iis
539 4047 621 4118 quae
638 4033 840 4119 sequuntur
852 4021 1031 4118 judicium
1048 4023 1252 4120 legentibus
1269 4023 1449 4120 permitto.

553 4143 705 4218 Aooedo
721 4167 819 4217 nunc
837 4140 884 4217 ad
900 4143 1048 4216 titulum
1066 4143 1266 4217 secundum
1283 4143 1508 4241 Ephesinum
1526 4143 1721 4218 voluminis
1737 4138 1852 4242 prioris

478 4266 516 4338 in
534 4287 608 4360 quo
624 4263 864 4363 fragmentum
881 4261 1056 4338 habemus
1080 4263 1160 4340 sciti
1177 4264 1277 4361 quod
1289 4266 1445 4362 jusserat
1465 4265 1677 4340 Conventus
1694 4263 1741 4338 de
1759 4255 1853 4336 sacris

479 4385 607 4460 diebus
626 4386 883 4461 Artemisiocis.
936 4387 981 4460 In
1007 4383 1077 4460 hoc
1105 4387 1280 4461 cruciavit
1304 4409 1362 4461 me
1388 4385 1623 4460 vehementer
1649 4376 1854 4459 constructio
