4004 5264
441 556 480 619 76
848 552 1199 622 INSORIPTIONES
1221 553 1412 622 GRAEOAE.
1563 553 1829 644 [ruscu.cn.,cnr.

516 741 693 816 Reoensio
710 741 897 815 nominum
915 741 1061 816 videtur
1078 743 1137 816 vel
1160 767 1285 816 eorum
1314 743 1377 840 qui
1405 753 1570 840 sumptus
1597 758 1832 841 erogaverant

440 865 482 936 in
498 861 637 960 templo
654 861 880 934 restituendo
897 861 957 934 vel
973 861 1037 956 qui
1065 861 1103 933 in
1131 860 1227 934 ludis
1244 861 1392 958 praemia
1407 872 1689 957 reportaverant.
1744 863 1831 935 Tur·

442 987 550 1058 batur
588 979 856 1080 quodammodo
884 981 993 1054 series
1026 980 1247 1077 interpositis
1281 979 1410 1054 litteris
1450 979 1600 1052 minoris
1633 979 1784 1068 moduli,
1812 1003 1831 1052 a

442 1130 562 1190 manu,
596 1115 639 1176 ut
664 1101 821 1188 videtur,
855 1101 1054 1175 recentiore
1084 1100 1265 1198 profectis.
1330 1100 1453 1198 Spatia
1485 1101 1712 1200 occupabant
1740 1101 1831 1174 intra
1975 1121 1976 1192 ς

441 1223 660 1298 canaliculos
687 1221 865 1296 columnae
892 1246 974 1319 quae
996 1221 1127 1294 aedium
1157 1223 1226 1318 (ex
1253 1221 1296 1294 iis
1325 1220 1476 1294 sortasse
1506 1245 1595 1318 quas
1622 1219 1831 1296 condiderat

442 1342 680 1438 Maussollus)
698 1341 883 1440 parietinis
912 1341 1108 1439 adjacebat,
1125 1341 1245 1428 credo,
1263 1342 1309 1416 ad
1336 1339 1537 1428 arcendam,
1562 1352 1738 1438 quantum
1756 1340 1830 1414 fieri

442 1475 591 1562 poterat,
610 1461 787 1557 injuriam.

517 1579 643 1656 Edidit
661 1578 858 1656 Bockhius‘
886 1578 1092 1676 apographo
1121 1604 1209 1652 usus
1239 1581 1320 1652 DD.
1340 1577 1553 1654 Cadalvenii
1577 1591 1614 1653 et
1631 1580 1827 1655 Breuverii.

442 1699 711 1796 Discrepantias
728 1698 851 1771 notavi
869 1697 907 1769 in
925 1697 1016 1770 serie
1038 1696 1096 1796 (b)
1114 1701 1343 1784 ΦΙΛΑΓΙΟΥ,
1370 1697 1409 1771 in
1433 1723 1507 1795 quo
1532 1697 1670 1773 haerere
1687 1701 1829 1776 videtur

441 1820 498 1892 vir
515 1817 644 1893 doetus
671 1819 759 1915 ipse,
777 1829 819 1890 ut
841 1829 879 1890 et
905 1817 944 1890 in
969 1822 1167 1893 ΑΟΥΛΟΥ
1182 1817 1284 1914 quod
1301 1819 1474 1915 sequitur,
1492 1819 1707 1918 interposito
1724 1827 1823 1900 ΘΕΦ.

440 1943 485 2016 In
512 1942 583 2016 hoc
607 1939 798 2014 manifesto
823 1940 912 2013 latet
928 1944 1168 2015 ΘΕΟΦΙΛΟΥ
1183 1939 1284 2036 quod
1311 1941 1350 2013 in
1374 1940 1502 2014 ordine
1522 1939 1580 2040 (o)
1600 1941 1826 2040 conspicitur.

442 2061 520 2135 Sub
542 2061 602 2134 fin.
621 2063 930 2136 ΛΚΑΝΙΟΝΟΣ.
958 2063 1092 2145 .Εο0,
1121 2082 1203 2154 quae
1223 2071 1320 2132 certe
1348 2057 1522 2132 mendosa
1548 2071 1640 2134 sunt
1692 2062 1739 2134 Iu
1766 2060 1829 2135 hac

440 2191 541 2275 parte
560 2179 773 2278 epigraphes
802 2178 921 2252 adhuc
951 2179 1080 2252 haereo.
1132 2182 1189 2254 De
1206 2180 1302 2254 ludis
1321 2181 1550 2255 Nemesibus'
1570 2181 1698 2256 dicatis
1725 2182 1828 2258 inter·
1975 2277 1976 2294 χ

439 2317 599 2400 pretatus
615 2329 704 2390 sum,
716 2304 781 2378 sed
791 2305 857 2377 vix
873 2303 1038 2402 intelligo
1055 2305 1275 2379 locutionem
1294 2299 1376 2400 νίκη
1389 2298 1602 2398 Νεμέσεων.
1633 2307 1744 2381 Anne
1763 2311 1828 2382 vic-

440 2426 531 2498 toria
558 2426 596 2496 in
626 2425 821 2498 certamine
849 2425 1007 2521 quodam
1035 2425 1179 2498 illarum
1200 2425 1329 2523 parta?
1379 2427 1522 2500 Nomen
1552 2427 1719 2502 Nesiotes
1746 2431 1827 2504 alibi

440 2545 588 2617 obvium
616 2556 671 2616 est
696 2543 734 2615 in
760 2542 867 2616 titulo
893 2541 1001 2638 hujus
1027 2541 1149 2615 urbis‘.
1201 2543 1306 2630 Dein,
1333 2542 1372 2616 in
1398 2543 1473 2618 ord
1497 2543 1552 2644 (a)
1571 2543 1682 2620 habet
1707 2549 1748 2620 B.
1769 2556 1794 2622 Γ
1796 2555 1828 2621 Ε-

442 2669 650 2738 ΜΕΛΑΟΥ.
719 2665 763 2736 In
783 2663 838 2761 (l)
861 2668 1117 2750 ΙΕΡΟΙΔΕΟΥ,
1141 2663 1241 2759 quod
1267 2663 1386 2762 ipsum
1415 2664 1505 2738 ud
1537 2665 1656 2740 minus
1686 2669 1825 2743 arridet.

438 2785 535 2858 Dein
564 2797 765 2880 sequuntur
792 2785 1004 2860 minutiores
1021 2793 1155 2881 ΛΑΛΑ,
1182 2786 1220 2858 in
1247 2787 1380 2883 quibus
1406 2787 1557 2862 sortasse
1583 2788 1673 2864 latet
1700 2815 1827 2866 nomen

438 2911 534 2978 ΑΔΑ
552 2905 590 2976 in
606 2904 675 2979 hac
691 2905 838 3004 regione
855 2906 1031 2980 illustris&
1084 2907 1129 2980 In
1148 2904 1222 3006 (ο.)
1234 2906 1409 2982 habemus
1429 2913 1801 2986 ΕΩΝΠΟΘΣΙΕΣΟΨΙ

1057 3127 1158 3204 CIII.
1185 3154 1217 3202 n.

737 3333 770 3380 ο.
797 3347 996 3361 ······
1022 3299 1218 3404 Διοδώρου
1236 3296 1397 3402 Ἀγαθία
1416 3310 1482 3382 τοῦ
1515 3369 1521 3381 .
1550 3369 1557 3381 .

737 3439 765 3514 b.
795 3479 992 3494 ······
1018 3429 1236 3536 Δράκοντος
1279 3433 1492 3539 Εὐαρχίδου
1547 3498 1555 3512 .

735 3593 763 3644 0,
796 3610 992 3621 ......
1016 3558 1557 3665 ’Apapdrov...........

737 3707 771 3780 d.
798 3747 810 3758 ·
836 3748 847 3759 -
873 3748 884 3759 -
922 3697 1084 3776 Λουκίου
1105 3692 1367 3799 Ἀθηνοδώρου
1407 3759 1557 3774 .....

738 3865 764 3914 ο.
796 3879 1096 3892 ·········
1126 3829 1356 3933 Μοσχίωνος
1387 3827 1554 3907 Λικινίου

725 3957 1557 4072 ρ’.----------ουτοῦΧαριδήμου....

481 4164 492 4197 ¹
509 4159 642 4218 Addend.
656 4179 684 4237 p.
697 4157 781 4221 1106.
795 4180 823 4218 n.
832 4157 919 4220 2656.
932 4159 956 4217 b.
1161 4155 1308 4233 Tauchn.)

481 4256 950 4336 ⁵0.1.n.2663.p.456.etnot.
1199 4257 1344 4316 'Desunt
1357 4251 1704 4332 prorsusianckhiano
1717 4251 1829 4310 nomina
1975 4221 1976 4232 ί

483 4362 492 4393 ¹
510 4357 584 4416 ibid.
598 4377 626 4416 n.
641 4357 728 4418 2655.
741 4377 789 4417 vv.
806 4361 851 4418 15.
868 4361 913 4417 18.
1158 4358 1190 4415 in
1203 4355 1283 4415 ordd.
1296 4374 1319 4413 c.
1333 4357 1360 4413 d.
1375 4355 1429 4413 ubi
1442 4353 1566 4430 vestigia
1586 4349 1718 4430 quedam
1732 4367 1828 4410 eorum

484 4465 498 4493 ²
514 4455 590 4515 Vide
608 4455 705 4516 Strab.
719 4473 785 4516 xrv.
805 4459 832 4516 2.
850 4456 919 4534 (vol.
938 4473 982 4515 111.
1002 4474 1029 4533 p.
1044 4458 1110 4514 201.
1161 4475 1226 4533 qne
1240 4455 1307 4515 dedi
1320 4454 1505 4532 apparebant.
1975 4453 1976 4476 ί
