3972 5240
134 597 452 684 rasenccxxxvrrr]
739 599 945 668 ATTUDA.

714 907 945 984 ATTUDA
1010 909 1013 918 ’

708 1106 802 1206 λι»
822 1103 948 1216 μμ.

657 1309 959 1386 CCXXXVIII.
987 1336 1014 1383 a.

131 1500 182 1582 'H
203 1497 334 1602 Βουλὴ
354 1505 414 1582 καὶ
444 1503 464 1581 ὁ
484 1507 615 1602 Δῆμος
635 1501 818 1604 ἐτίμησαν
837 1505 972 1582 Νικίαν
994 1505 1111 1584 παῖδα
1133 1509 1207 1584 τῶν
1238 1505 1278 1584 εὖ
1308 1501 1531 1609 γεγονότων,

134 1633 215 1717 υἱὸν
239 1635 462 1714 Παυσανίου
489 1637 545 1719 δὶς
573 1642 640 1715 τοῦ
671 1637 879 1716 Διονυσίου
911 1633 1047 1739 ἀνδρὸς
1076 1643 1285 1729 βουλευτοῦ
1310 1641 1371 1718 καὶ
1401 1637 1528 1720 πάσας

133 1767 252 1873 ἀρχάς
291 1767 351 1848 καί
400 1767 635 1872 λειτουργίας
672 1771 854 1875 λαμπρῶς
897 1765 958 1849 καὶ
1008 1769 1196 1876 ἐπιφανῶς
1234 1765 1526 1863 ἐκτετελεκότος,

135 1899 343 2000 νικήσαντα
360 1897 428 1979 τὸν
446 1898 600 2002 πρώτως
615 1901 905 1982 ἐπιτελεσθέντα
923 1902 998 1981 τῶν
1011 1899 1161 1980 Πυθίων
1173 1903 1312 2002 ἀγῶνα,
1325 1898 1531 2000 νικήσαντα

134 2029 181 2110 πά
200 2033 262 2110 καὶ
281 2027 494 2133 Ἀδριάνεια
508 2028 651 2110 παίδων
670 2027 809 2132 πάλην·
831 2030 1030 2116 ἀναθέντος
1044 2039 1111 2111 τοῦ
1123 2033 1358 2136 ἀγωνοθέτου
1379 2031 1528 2136 Ἀνδρέ-

135 2199 178 2242 ου
217 2171 286 2242 rot
318 2159 499 2265 Περείπου
530 2159 839 2267 πὸνάνδριάντα·
874 2168 941 2264 τῆς
970 2161 1215 2250 ἀναστάσεως
1245 2163 1446 2267 γενομένης
1485 2162 1530 2244 δι’

134 2296 368 2396 ἐπιμελητῶν
398 2295 619 2375 Παυσανίου
647 2303 714 2375 τοῦ
744 2295 965 2377 Παυσανίου
993 2293 1085 2401 τρίς,
1123 2299 1185 2377 καὶ
1214 2297 1434 2379 Παυσανίου
1462 2305 1529 2376 τοῦ

134 2427 351 2530 Ἐπιγόνου,
365 2427 439 2506 τῶν
457 2422 528 2505 ὑπὸ
548 2429 614 2526 τῆς
632 2422 778 2512 πόλεως
796 2427 1098 2532 προτραπέντων.
1157 2427 1533 2532 Ἀγωνοθετήσανπος

135 2559 316 2663 Ἀνδρέου
336 2566 402 2638 τοῦ
423 2555 604 2662 Περείτου
624 2567 691 2640 τοῦ
710 2607 727 2622 ·
746 2606 762 2624 ·
785 2607 799 2622 ·
823 2607 836 2621 -
858 2597 877 2646 ς
901 2557 1086 2646 πεντάκις·
1109 2560 1342 2664 ἀγωνοθέτας
1362 2559 1423 2641 διὰ
1442 2559 1530 2658 βίου

135 2697 210 2774 τῶν
242 2691 393 2772 Πυθίων
417 2688 573 2796 Μάρκος
603 2690 792 2795 Αὐρήλιος
822 2689 1036 2796 Ἀχιλλεύς·
1070 2688 1266 2795 προεστὼς
1299 2689 1360 2772 διά
1392 2691 1533 2798 χρόνον

137 2825 262 2908 Πύθια
280 2821 584 2930 ἀξιολογώτατος
602 2823 797 2928 Διογένης·
826 2824 1048 2930 ἀγωνοθέτις
1068 2870 1083 2888 ·
1106 2871 1123 2884 ·
1145 2871 1162 2888 -
1181 2871 1200 2885 -
1216 2871 1233 2884 -
1255 2821 1530 2926 ἐπιμελησόμε-

137 2997 199 3047 νος
219 2967 285 3062 τῆς
305 2958 559 3063 ἀγωνοθεσίας
569 2957 790 3064 Ἱεροκλέης·
812 2963 852 3041 ἐν
862 2959 1014 3065 πατρίδι
1033 2957 1315 3068 ἀρχιερειίοντος
1327 2959 1532 3066 Αὖρηλίου,

544 3095 625 3170 υἱοῦ
644 3090 886 3198 Μοσχίωνος,
906 3087 1138 3198 Διοφάντου.

213 3301 361 3374 Titulus
388 3299 604 3372 laudativus.
656 3301 778 3374 Nicias
796 3315 873 3374 erat
890 3299 1049 3398 quidam,
1068 3299 1222 3374 honesto
1238 3301 1320 3374 loco
1337 3313 1452 3386 natus,
1470 3299 1532 3396 qui

137 3421 274 3495 vicerat
305 3419 436 3519 Pythia
458 3431 496 3492 et
513 3419 730 3506 Hadrianus,
758 3420 998 3494 inhonorem
1025 3423 1130 3518 cujus
1161 3433 1316 3494 statuam
1345 3420 1530 3494 dicaverat

138 3539 319 3622 Andreas,
355 3563 487 3637 praeses
520 3540 768 3628 certaminum,
803 3551 1071 3638 posuerantque
1111 3553 1298 3614 curatores
1332 3565 1354 3613 a
1386 3539 1532 3614 civitate

139 3659 272 3734 delecti
307 3659 502 3733 Pausa'niae.
571 3659 753 3756 Deinceps
788 3669 990 3755 sequuntur
1022 3656 1169 3731 nomina
1201 3658 1347 3732 illorum
1383 3660 1447 3756 qui
1473 3659 1534 3734 vel

138 3779 389 3878 agonothesias
406 3792 592 3878 gesserant
608 3779 669 3854 vel
685 3804 809 3854 curam
833 3777 993 3854 muneris
1013 3777 1111 3852 illius
1127 3777 1272 3852 fuerant
1294 3777 1421 3866 sortiti,
1447 3802 1533 3874 quc

138 3926 218 3976 rum
235 3903 427 3975 memorari
445 3900 617 3976 videntur
644 3901 740 3978 seni:
769 3901 834 3976 scd
850 3901 889 3974 in
905 3899 974 3974 hac
990 3911 1092 3997 parte
1113 3899 1179 3998 (sc.
1192 3925 1249 3972 vr.
1269 3898 1425 3996 26-43.)
1443 3923 1532 3972 mar·

138 4047 218 4096 mor
244 4020 336 4096 adeo
371 4021 567 4097 contritum
601 4021 725 4096 inveni
759 4035 801 4098 ut
835 4045 980 4096 sensum
1011 4019 1167 4116 aliquem
1196 4018 1407 4093 continuum
1438 4041 1531 4114 aegre

138 4142 319 4240 potuerim
337 4165 496 4214 exarare.
717 4238 720 4242 ἡ

213 4261 258 4334 Ιι]
275 4257 418 4333 edendo
444 4257 515 4332 hoc
539 4257 646 4332 titulo
673 4279 740 4354 pro
767 4253 985 4351 adjumentis
1008 4253 1120 4328 habui
1143 4251 1390 4351 apographum
1408 4277 1430 4326 a
1446 4253 1532 4325 Bor-

139 4380 243 4454 rellio
259 4379 407 4452 missum
427 4391 462 4452 et
488 4379 674 4476 exemplar
693 4374 973 4452 Sherardianum
992 4373 1092 4472 quod
1109 4399 1158 4448 ex
1184 4373 1339 4449 Bsckhti
1357 4372 1532 4448 thesauris

206 4517 323 4562 rasere.
334 4517 370 4560 rr.
812 4497 857 4558 21
