3952 5238
438 587 504 650 984
988 579 1280 652 AUCTARIUM,
1637 579 1825 668 {ruscum

502 773 537 860 Ι7.
555 769 805 856 «Μετηλλαχότα.
852 766 946 852 Vide¹
960 787 986 830 1.
1005 769 1036 830 2.
1060 787 1103 834 rr.
1118 767 1166 834 2:
1194 765 1322 831 Vecillo
1338 763 1420 830 inter
1438 763 1524 830 lectt.
1542 785 1600 832 xx.
1621 777 1654 830 et
1669 785 1736 839 nx,
1751 765 1827 830 adeo

440 879 571 943 obscure
585 891 672 942 erant
687 873 819 962 yestigia
833 873 867 940 in
882 871 995 960 lepide.
1442 871 1445 878 '

505 982 651 1046 Formam
667 979 718 1044 vel
732 978 813 1044 hanc
828 976 879 1042 vel
894 975 1021 1042 alteram
1034 973 1092 1040 vix
1104 974 1277 1052 tribuerim,
1290 989 1325 1040 ut
1339 973 1475 1062 primum
1491 973 1525 1038 in
1539 987 1677 1039 mentem
1689 989 1825 1052 venerat,

440 1088 569 1154 incuriae
590 1089 790 1174 quadratarii.
832 1088 940 1156 Setius
963 1087 1069 1154 ested
1098 1110 1240 1152 normam
1266 1086 1443 1152 futurorum
1468 1085 1501 1150 in
1526 1085 1571 1164 ξω
1597 1086 1719 1160 referre,
1743 1087 1825 1154 unde

441 1194 577 1283 perfecte
591 1195 693 1283 prima
707 1195 740 1260 in
754 1225 824 1287 γκα,
836 1209 868 1260 et
885 1217 957 1260 cum
972 1193 1005 1257 vi
1020 1191 1216 1280 aspirationis
1225 1191 1259 1256 in
1270 1191 1374 1256 littera
1384 1190 1576 1278 paenultima,
1593 1221 1664 1280 κχα.
1702 1191 1756 1256 Ex
1768 1193 1825 1256 boc

442 1299 567 1365 effluxit
581 1300 758 1366 terminatio
778 1300 813 1370 in
834 1321 974 1364 sermone
986 1298 1098 1363 Carico
1115 1327 1191 1386 χχα,
1203 1296 1255 1362 vol
1269 1296 1306 1361 'si
1324 1295 1402 1362 libet
1421 1326 1493 1386 κχα,
1509 1318 1579 1383 quae
1599 1296 1666 1384 ipsa
1685 1297 1826 1384 analogia

441 1430 504 1472 non
519 1421 611 1472 caret.
656 1387 860 1472 Habemusin
871 1404 1051 1473 nominibus
1065 1403 1199 1492 propriis
1210 1405 1342 1491 Σαπφώ,
1357 1405 1487 1490 'Aspim
1507 1407 1642 1492 Βόκχος,
1655 1403 1824 1470 etsimiliaz

441 1513 475 1576 in
490 1512 623 1577 dialecto
644 1512 820 1599 antiquiore
835 1511 1037 1599 καπφᾶλαρα,
1053 1509 1205 1578 κάτθανεῐ.
1252 1509 1374 1574 Eodem
1385 1523 1527 1596 spectant
1546 1523 1579 1574 et
1596 1513 1716 1597 dauid,
1730 1515 1825 1578 σκύπ·

442 1625 524 1706 poci,
538 1620 663 1708 ἴακχος,
677 1623 814 1708 textor,
826 1619 923 1684 immo
934 1631 967 1682 et
980 1619 1108 1706 σοπφός
1119 1617 1145 1682 si
1155 1615 1342 1683 concludere
1361 1615 1436 1682 licet
1455 1639 1498 1683 ex
1513 1639 1605 1684 versu
1620 1631 1694 1682 noto
1704 1617 1824 1686 Aristo·

442 1723 578 1812 phanisl.
634 1725 759 1792 Praebet
779 1739 812 1792 et
835 1725 999 1802 Pindarus,
1020 1739 1148 1792 notante
1170 1725 1331 1802 Wienero,
1358 1724 1542 1812 exemplum
1572 1723 1606 1792 iu
1634 1727 1736 1813 ὄκχος
1771 1747 1825 1811 pre

444 1839 555 1914 ⁰X00'·
1326 1845 1329 1852 ⁴
1659 1847 1663 1863 2

506 1935 534 1997 8.
557 1933 772 2019 Ἀνδριάντας,
792 1966 820 2003 κ.
842 1965 867 2000 r.
891 1937 924 2002 λ.
969 1935 1048 2015 Quae
1068 1937 1185 2012 cludere
1211 1933 1407 2022 appellantur
1432 1933 1466 1997 in
1488 1933 1549 1998 hoc
1568 1933 1660 2000 titulo
1684 1934 1824 2022 ampliori

441 2035 655 2125 designatione
679 2037 851 2104 efferuntur
873 2040 907 2104 iu
930 2038 1074 2126 proxime
1099 2039 1300 2124 sequentibus
1326 2043 1379 2108 eie.
1404 2047 1541 2126 γραπταὶ
1567 2044 1600 2110 ἐν
1622 2043 1738 2118 ὅπλοις
1767 2047 1825 2110 in·

443 2147 585 2234 xpiane·
631 2143 839 2212 Excutiamus
859 2169 951 2209 voces
970 2145 1004 2216 in
1024 2145 1132 2210 ordine
1151 2169 1213 2230 quo
1239 2169 1362 2210 sensum
1389 2145 1502 2231 cuique
1525 2145 1686 2234 proprium
1708 2145 1824 2210 facilius

442 2251 655 2339 expediamus.
701 2251 740 2316 In
755 2251 863 2340 primis
875 2249 1015 2339 ἄγαλμα.
1708 2267 1712 2274 ’

508 2354 659 2442 Explicet
673 2355 862 2444 Hesychius,
877 2361 942 2424 πᾶν
956 2359 1002 2444 ἐφ’
1017 2357 1041 2444 ql
1057 2385 1104 2435 τις
1119 2357 1304 2444 ἀγάλλεται,
1320 2356 1449 2434 ξόανον,
1467 2359 1653 2444 ‹iponoiopc
1676 2357 1822 2432 εἰδώλων,

443 2463 617 2540 εἶκόνων,ἢ
638 2461 843 2548 ἆνδριᾶντων.
889 2463 996 2551 Etym.
1014 2462 1123 2552 Magn.
1141 2465 1333 2552 ἆγαλλίαμα,
1358 2465 1579 2549 nullumne,
1601 2497 1628 2534 κ.
1646 2496 1673 2532 r.
1690 2466 1723 2532 λ.
1745 2464 1823 2537 dein,

442 2573 472 2635 oi
488 2566 519 2636 δὲ
533 2566 601 2654 μεθ’
610 2567 770 2656 ’Όμηρονιι
785 2577 907 2648 ποιηταὶ
924 2571 1052 2657 ἄγαλμα
1077 2571 1165 2638 εἶπον
1181 2573 1217 2637 τὸ
1233 2569 1362 2646 ξόανον.
1408 2569 1479 2637 Hoc
1499 2583 1599 2636 tentat
1613 2570 1779 2636 Passovius
1792 2587 1824 2633 ut

440 2672 602 2760 sequitur,
626 2683 644 2712 “
659 2673 768 2740 Daher
777 2697 841 2754 von
856 2675 934 2740 Hdt.
947 2699 990 2745 ,an
1005 2677 1068 2742 bes.
1084 2673 1712 2764 haufigBudoouu,Staaoe,de1-gleichen
1728 2691 1824 2742 zuerst

444 2781 506 2846 den
521 2780 670 2870 iiiittemy
692 2805 731 2848 zu
755 2781 864 2850 Ehren
878 2798 997 2871 gesetzt
1011 2783 1151 2861 worden,
1172 2783 1251 2848 Hdt.
1270 2805 1306 2848 11.
1330 2785 1383 2848 42.
1402 2783 1453 2847 46.
1469 2806 1500 2846 u.
1520 2797 1616 2860 scnst,
1633 2781 1726 2847 Pind.
1736 2781 1822 2846 Nem.

445 2909 474 2952 v.
488 2887 527 2964 3.,
543 2884 598 2952 der
612 2886 693 2953 anch
708 2887 883 2971 Menschen
899 2893 1009 2978 χώρας
1024 2890 1153 2976 ἄγαλμα
1177 2903 1295 2954 nennt:
1318 2892 1366 2955 cin
1384 2888 1555 2956 Gdtterbild
1568 2887 1613 2954 als
1627 2885 1823 2975 Gegenstand

444 2991 499 3056 der
511 2989 711 3080 Verehrung,
726 2989 806 3058 Plat.
823 2990 945 3056 Phaedr.
962 3017 991 3080 p.
1013 2996 1085 3058 251.
1106 3017 1133 3058 a.
1158 2993 1334 3080 iiberhaupt
1347 2993 1380 3058 in
1396 2993 1451 3059 der
1466 2991 1661 3081 Bedeutung·
1671 2993 1824 3058 Rutulo

445 3093 516 3164 sehr
532 3091 693 3185 htufigb.
709 3093 740 3160 d.
755 3095 844 3162 Att.''
894 3094 956 3160 His
978 3120 1047 3182 quae
1073 3121 1091 3162 a
1115 3097 1260 3162 Passovio
1287 3097 1435 3164 dicuntur
1460 3098 1574 3164 addere
1598 3099 1678 3166 libet
1702 3099 1784 3186 quod
1806 3123 1826 3164 a

447 3199 623 3266 Siebelisio¹
633 3215 759 3268 notatur
773 3201 813 3268 de
827 3225 887 3270 usu
897 3203 983 3268 vocis
998 3205 1082 3292 apud
1097 3204 1294 3284 Pausaniam,
1305 3229 1427 3293 nempe,
1443 3205 1610 3292 aliquando
1630 3231 1700 3272 earn
1714 3204 1824 3294 signifi·

443 3329 513 3372 care
528 3329 604 3396 opus
617 3319 779 3396 crematum
793 3310 826 3373 ic
841 3309 996 3396 superficie
1010 3319 1136 3385 ecloum
1159 3325 1194 3374 ut
1217 3331 1272 3372 nos
1299 3307 1465 3394 loquimur,
1489 3307 1598 3396 Rodios.
1644 3309 1717 3376 Hoc
1739 3312 1771 3374 in
1793 3325 1825 3372 re

445 3414 588 3502 praesenti
603 3413 801 3501 expedienda
814 3413 985 3502 plurimum
1002 3415 1104 3481 valere
1120 3416 1283 3503 apparebit
1304 3439 1346 3480 ex
1362 3415 1571 3502 sequentibus.

476 3612 485 3636 ¹
502 3606 562 3654 Vide
570 3607 657 3654 Buttrn.
670 3607 710 3656 (ir.
719 3607 759 3658 Gr.
773 3621 789 3655 r.
799 3623 819 3668 p.
829 3611 851 3656 9.
862 3611 985 3670 ruptas.
996 3609 1109 3670 Matthia,
1162 3613 1215 3658 906.
1235 3613 1289 3660 995.
1327 3611 1429 3670 Euripid.
1449 3611 1582 3682 supinant
1598 3612 1622 3660 in
1642 3613 1751 3676 Androm
1771 3615 1820 3659 rit.

446 3693 465 3751 §-
481 3693 532 3739 189.
542 3692 591 3739 init.
609 3693 629 3752 Ι.
639 3694 678 3740 tt.
685 3693 745 3742 ¹Oba
760 3696 780 3740 1.
878 3694 882 3702 '
1161 3693 1390 3753 mercaretur.
1409 3693 1562 3753 Hippoi-116.
1589 3695 1652 3742 Hinc
1663 3697 1758 3743 reddunt
1765 3707 1820 3742 cxx.

475 3784 485 3808 ¹
504 3777 566 3826 Citat
577 3776 670 3826 Passov.
682 3777 764 3825 inroc
782 3778 1076 3840 Sebaier.'iireogn.1057.
1157 3777 1215 3852 999
1226 3783 1249 3830 in
1262 3783 1305 3829 isa
1327 3795 1381 3830 xxt
1395 3785 1417 3830 9.
1438 3783 1471 3830 rd
1487 3773 1637 3848 ἀγάλματα,
1655 3799 1751 3844 quemn
1767 3773 1820 3830 coni.

476 3863 482 3892 ¹
503 3861 561 3910 Vide
572 3861 656 3910 Athen
668 3877 690 3922 p.
701 3864 756 3910 498.
767 3876 788 3910 ι
798 3870 840 3909 etc
1161 3869 1265 3920 Maccab.
1278 3879 1304 3912 rr.
1315 3868 1336 3914 2.
1347 3869 1368 3914 2.
1377 3865 1523 3927 βλέποντες
1534 3865 1676 3932 ἀγάλματα
1690 3869 1771 3933 χρυσᾶ
1783 3869 1821 3916 καὶ

476 3954 486 3976 ¹¹
504 3947 598 3996 Pastor.
609 3946 883 4006 ubianpr.r.p.1093.a
952 3981 953 3984 =
1046 3973 1049 3980 ·
1160 3951 1271 4016 ἀργυρᾶ,
1291 3963 1320 3996 tc
1341 3949 1416 3998 Idolo.
1451 3951 1489 3999 Sic
1506 3952 1594 4012 Aquila
1609 3954 1633 4000 in
1651 3955 1743 4002 sunan
1762 3957 1781 4002 i.
1801 3959 1820 3999 l.

476 4041 485 4066 ’
503 4035 621 4084 Ecclesia&
633 4037 688 4084 571.
711 4037 767 4083 Νῦν
780 4031 811 4095 δὴ
824 4032 898 4084 δεῖσε
913 4037 1018 4094 πυκνήν
1030 4035 1109 4100 φρένα
1161 4031 1279 4108 nbilam,
1293 4037 1434 4103 ἀγάλματα
1446 4039 1598 4104 ’Δστᾶρτης.

443 4120 485 4168 καὶ
497 4118 637 4182 φιλόσοφον
648 4117 762 4184 lysiam.
1192 4097 1277 4174 ¹⁷l'ide
1290 4127 1380 4176 Prasiai.
1401 4130 1431 4176 ad
1449 4129 1547 4178 Pomm.
1559 4133 1604 4180 vol.
1617 4135 1728 4194 tprrlii.
1760 4135 1820 4182 Coos.

477 4210 490 4234 ·
504 4203 561 4250 Vide
573 4203 666 4264 Olymp.
678 4216 714 4251 vr.
727 4205 765 4252 40.
1161 4209 1284 4260 Herodian
1308 4226 1324 4260 r.
1344 4217 1365 4262 9.
1409 4213 1501 4262 Ludus.
1522 4215 1683 4266 Pseudcmam.
1703 4233 1773 4266 xvrn.
1799 4219 1820 4264 in

476 4295 487 4320 ¹
506 4289 578 4337 locus
589 4287 679 4336 videtur
686 4289 766 4348 respici
778 4288 843 4336 iliad,
857 4286 886 4350 δ’,
902 4295 953 4338 144.
1160 4296 1236 4354 sacris,
1255 4297 1278 4345 S.
1292 4297 1377 4348 blattis.
1389 4312 1453 4346 xxrr.
1467 4302 1504 4348 90.
1522 4307 1546 4347 et
1561 4301 1641 4360 parali
1657 4304 1681 4350 in
1696 4305 1734 4351 ss
1753 4304 1819 4350 liare

477 4381 487 4414 r
504 4375 563 4421 suc
579 4373 782 4423 annecteret
798 4387 824 4422 n
838 4379 875 4424 51.
914 4378 1030 4438 aesopi.
1048 4378 1109 4426 uuo.
1162 4381 1215 4428 tue.
