3956 5248
442 543 502 607 376
987 541 1276 610 AUOTARIUM.
1486 545 1823 626 [macerrimum.

439 728 569 794 rodian.⁸
592 728 743 806 Ὀπηνίκα
771 726 797 794 δ’
819 728 859 794 ἂν
874 733 892 794 ὁ
907 731 1035 814 πρῶτός
1050 757 1078 794 τι
1093 727 1214 812 δράσας
1238 728 1373 815 ἀγαθάν,
1398 729 1644 818 ιἰνυιιέρβλιιιον
1660 729 1821 808 κατάθηται

465 837 483 900 ά
507 863 544 908 ιν,
561 865 589 900 κ.
599 863 625 896 τ.
637 834 668 898 λ.

442 863 542 1006 χρΙιι
564 941 663 1006 titulis
686 939 881 1004 Osannianist
903 937 1062 1024 conspicio
1080 961 1164 1022 seqq.
1187 937 1451 1026 Ἀυνπερβλάτου
1474 945 1630 1025 προνοίας
1652 969 1683 1006 τε
1706 948 1754 1007 καὶ
1777 956 1821 1028 φι-

440 1053 591 1134 Χοιιμίας,
607 1062 640 1112 et
652 1044 928 1133 Ἀνυπερβλάτοις
942 1043 1093 1130 πράξεσιν
1108 1048 1310 1130 κεχρημένον.

1064 1249 1202 1314 CLXII.

507 1383 534 1444 l.
559 1380 752 1467 Συμβίαισις.
798 1378 884 1443 Vide
904 1390 1011 1442 notata
1036 1401 1129 1464 supra
1154 1376 1193 1441 ad
1213 1375 1294 1440 titul.
1316 1397 1394 1442 cvn.
1444 1377 1551 1443 Refert
1573 1377 1625 1444 hio
1647 1379 1734 1444 locus
1758 1379 1818 1444 col-

440 1488 558 1576 legium
568 1486 730 1573 juniorum
746 1491 799 1568 (an
813 1491 974 1574 τεχνιτῶν,
983 1485 1124 1571 sudrim,
1141 1481 1321 1571 incertum),
1339 1481 1423 1567 quod
1438 1505 1523 1548 sacra
1536 1483 1816 1570 propriahabebat:

440 1593 556 1659 exinde
571 1596 648 1680 ἱερά,
673 1615 796 1679 prorsus
821 1605 857 1656 ut
879 1595 947 1678 ἱερὰ
974 1592 1058 1678 φυλὴ
1085 1595 1270 1678 ἐριουργῶν,
1296 1597 1441 1668 σκυτέων,
1461 1590 1495 1654 in
1517 1611 1648 1655 cnxxvl.
1664 1613 1816 1656 emunt.

439 1698 564 1763 Numen
585 1697 709 1785 collegii
732 1697 857 1762 videtur
881 1697 975 1763 fuisse
995 1697 1131 1785 Jupiter,
1152 1697 1204 1762 cui
1228 1696 1415 1763 addicuntur
1433 1697 1518 1763 tituli
1538 1703 1667 1786 Κύριος,
1688 1709 1816 1786 Meropo·

439 1807 586 1883 λοτηνός,
613 1811 818 1890 Μηνιτίαμος.
874 1803 959 1868 Illud
984 1803 1121 1890 primum
1144 1804 1280 1880 solenne,
1304 1817 1340 1868 ut
1368 1804 1407 1868 de
1433 1804 1589 1892 AEgyptio
1608 1805 1813 1880 Plutarchus,

440 1911 504 1975 Τὸν
526 1911 589 1995 γάρ
614 1907 752 1994 βασιλέα
776 1913 824 1972 καὶ
851 1907 1108 1992 κάριονὊσιριν,
1138 1937 1164 1973 κ.
1176 1937 1204 1972 τ.
1217 1907 1248 1973 λ.
1268 1919 1300 1972 et
1315 1906 1566 1974 Halicarnasseus
1592 1909 1675 1996 apud
1695 1909 1812 1975 Boekh.

438 2040 469 2078 n.
491 2015 583 2078 2663.
613 2018 821 2100 Εὑχαριστῶν
842 2022 911 2088 τοῖς
935 2017 1055 2098 κυρίοις
1086 2018 1261 2098 Νερέσεσιν,
1283 2026 1342 2076 etc.
1403 2013 1510 2078 Addas
1532 2038 1688 2102 gemmam
1715 2015 1811 2080 Musei

438 2121 570 2187 Caesarei
585 2143 679 2206 quem
693 2118 769 2184 citat
784 2116 983 2194 Eokhelius,
999 2117 1050 2182 oui
1066 2117 1244 2206 epigraphe,
1258 2124 1357 2204 Κνρίο
1373 2123 1484 2201 Νέμεσι
1496 2123 1635 2198 ἐλέησον.
1669 2120 1811 2186 Ceterum

438 2225 583 2292 notabilis
596 2238 643 2290 est
657 2223 756 2288 forma
773 2229 911 2310 Κοίριος,
925 2236 962 2286 ut
982 2222 1015 2285 in
1029 2247 1061 2289 v.
1078 2225 1107 2288 5.
1133 2227 1325 2300 Διονοίσιος,
1340 2235 1372 2288 et
1390 2222 1460 2287 inlr.
1482 2223 1517 2288 in
1537 2225 1630 2290 titulo
1645 2225 1810 2292 Attudensi

437 2352 618 2397 ccxxxvrrr.
662 2329 778 2396 Utrum
793 2352 835 2392 ex
854 2327 977 2393 inscitia
991 2327 1192 2404 marmorarii,
1213 2351 1261 2404 an,
1278 2327 1363 2413 quod
1381 2327 1550 2394 verisimile
1563 2355 1642 2408 reor,
1658 2331 1809 2397 Iotacismi

439 2437 587 2523 sequioris
602 2435 660 2500 aevi
676 2434 787 2522 proles,
797 2433 942 2519 judicent
956 2434 1104 2521 legentes,

502 2541 698 2630 Cognomina
715 2539 749 2604 in
771 2539 863 2604 titulo
877 2552 1063 2626 promuntur
1077 2539 1143 2603 sine
1158 2537 1254 2604 dubio
1269 2539 1308 2604 de
1323 2563 1462 2606 sermone
1477 2541 1640 2628 Lydorum
1655 2543 1764 2629 patrio,
1777 2557 1810 2606 nt

435 2648 469 2711 in
484 2668 595 2711 cnxrn.
611 2648 640 2710 4.
659 2648 917 2730 Μηνιτάραννοςτ
939 2666 1012 2708 nam
1036 2641 1221 2730 profluxisse
1235 2665 1345 2707 vocem
1369 2648 1525 2729 τύραννος
1539 2667 1581 2708 ex
1595 2645 1655 2710 hoc
1675 2647 1760 2712 fonte
1773 2647 1809 2712 ad

438 2755 562 2819 Graeoos
576 2753 658 2817 inter
676 2751 885 2840 probabiliora
907 2763 981 2816 θεῖ’.
1026 2749 1105 2830 Quis
1118 2773 1192 2815 vero
1218 2749 1459 2838 significationes
1480 2751 1621 2839 precisas
1645 2751 1808 2820 statuerit?

435 2864 473 2927 In
488 2885 564 2925 voce
576 2861 832 2947 Μασφαλατηνός
846 2859 939 2923 video
952 2863 1016 2936 Μῖι,
1025 2859 1055 2922 h.
1066 2881 1102 2934 e,
1115 2858 1294 2945 explicante
1311 2857 1484 2946 Stephanox
1499 2859 1533 2924 in
1548 2883 1630 2925 nom.
1644 2861 1807 2936 Μοιιαννα,

434 2968 582 3033 feminam
602 2990 671 3052 quae
692 2965 812 3030 Rheam
838 2965 1053 3039 comitabatur,
1078 2964 1130 3029 cui
1149 2963 1276 3050 Jupiter
1295 2963 1454 3030 Bacchum
1480 2965 1684 3031 nutriendum
1703 2965 1808 3040 dedit;

436 3074 531 3138 immo
553 3072 673 3136 Rheam
699 3071 808 3158 ipsam,
834 3093 927 3155 quam
950 3069 1038 3135 cultu
1060 3069 1178 3134 eximio
1204 3069 1470 3156 prosequebantur
1484 3069 1577 3158 Lydi.
1625 3071 1749 3137 Deinde
1769 3095 1807 3137 ex

436 3179 613 3268 anaglypho
628 3178 712 3265 quod
726 3177 819 3243 titulo
838 3199 950 3243 cnxrn.
973 3177 1202 3264 subjiciendum
1222 3177 1329 3242 curavi
1348 3177 1559 3264 conjecturam
1573 3179 1701 3265 ceperis,
1715 3191 1807 3244 verte

436 3287 538 3372 risque
555 3287 772 3372 άκτινοφόρον,
788 3286 948 3349 radiatum.
993 3283 1198 3358 Postremum,
1213 3283 1311 3370 possis
1325 3282 1460 3371 cogitare
1475 3283 1514 3349 de
1534 3297 1639 3370 etymo
1654 3285 1808 3349 Aramaeor

467 3510 553 3557 'Hist
566 3510 629 3557 an.
643 3511 664 3556 3.
1147 3511 1214 3565 putat
1232 3519 1259 3553 ια
1282 3504 1403 3568 κοίρανος
1428 3507 1581 3566 Homericum,
1608 3511 1671 3570 quod
1691 3511 1806 3558 effaebm

475 3595 482 3624 ¹
495 3592 584 3653 Syllog.
596 3603 623 3639 u.
636 3594 658 3638 8.
669 3593 706 3638 13.
1147 3588 1229 3638 Aeolus
1243 3595 1266 3636 et
1283 3591 1355 3638 Dorso
1366 3590 1493 3656 volpertus,
1512 3599 1539 3641 ut
1553 3595 1644 3654 κιῖνος,
1658 3598 1746 3654 τῆνος,
1759 3601 1804 3652 ete,

468 3685 479 3710 ¹
497 3678 552 3725 Irid.
565 3677 679 3725 etOsiiid.
692 3689 715 3722 x.
1148 3675 1206 3721 Dein
1218 3675 1325 3722 aliorsum
1335 3677 1414 3724 trahit
1431 3677 1491 3725 Vide
1501 3693 1523 3738 ρ
1538 3681 1592 3726 983.
1604 3694 1625 3726 α.
1638 3681 1681 3728 Ed
1700 3682 1768 3729 lond

468 3770 478 3794 '
494 3763 571 3810 Dootr.
581 3767 622 3808 etc
634 3760 679 3808 vol.
692 3773 719 3806 ιι.
728 3773 750 3820 p.
762 3762 816 3808 553.
828 3773 849 3806 a
1178 3765 1191 3791 ¹
1208 3759 1243 3806 De
1255 3760 1311 3808 utu
1325 3761 1396 3810 Grae
1408 3763 1446 3809 eit
1455 3763 1481 3808 in
1492 3763 1586 3810 Eclrhel.
1597 3778 1637 3812 rin
1649 3780 1686 3825 ρρ
1701 3770 1752 3814 108⁴
1764 3781 1780 3812 a

467 3856 482 3879 '
494 3849 557 3894 Erat
583 3846 691 3892 nimirum
713 3857 735 3904 q.
759 3837 900 3904 Τνῤῥηνάς.
940 3841 999 3888 Vide
1018 3841 1097 3888 Eberti
1178 3842 1281 3902 ingere
1291 3842 1487 3891 hicvolodedove
1498 3845 1666 3908 σκηπτοάχῳ.
1693 3850 1803 3910 secptra

435 3937 530 3983 Dissert
550 3933 618 3981 Sioul.
630 3946 646 3978 1.
662 3945 700 3991 pp
714 3931 783 3977 1-64.
807 3929 895 3976 B'dckla
912 3941 939 3975 ιι.
960 3943 982 3988 p.
998 3930 1052 3986 808,
1073 3929 1095 3975 b.
1145 3927 1240 3973 fortasse
1261 3927 1405 3988 dgniiieebat
1429 3929 1454 3975 in
1475 3944 1577 3978 sermone
1598 3934 1674 3991 patrio
1695 3935 1802 3994 Lydorum

435 4023 514 4068 Isidor.
527 4033 561 4067 rx.
570 4019 647 4078 Etym.
657 4019 679 4064 9.
696 4015 780 4064 Scribit
793 4013 922 4072 Passovius,
939 4014 1054 4061 Fnchirid.
1067 4027 1095 4060 ιι.
1147 4013 1287 4076 Mantala,
1306 4015 1343 4062 vei
1361 4022 1389 4062 nt
1405 4017 1511 4076 primitus
1526 4020 1643 4079 ιαὶριαια,
1665 4021 1800 4076 Mactata,

433 4121 455 4165 ρ
465 4105 559 4152 moun
577 4102 696 4148 Darwort
706 4099 760 4144 tam
768 4105 815 4144 mr
825 4097 1011 4144 ιιιΑναίιίΙοιΛοι
1021 4098 1094 4144 teitu
1143 4098 1319 4156 qnodadllebr.
1330 4091 1385 4156 &tin
1399 4101 1455 4148 satis
1472 4103 1566 4160 aceedit,
1582 4117 1624 4162 piu
1634 4105 1735 4164 gordum
1745 4119 1800 4152 σοα-

434 4193 482 4252 aus,
491 4189 528 4235 ala
538 4187 588 4234 aiot
596 4189 634 4233 die
643 4193 717 4232 ινιιειι
726 4183 878 4244 Freyrtanten
889 4183 914 4228 ιἰι
924 4181 1097 4228 Grieclmland
1145 4182 1234 4229 moreio.
1252 4182 1303 4230 Hoc
1312 4191 1380 4230 extra
1389 4185 1554 4234 dubitationem
1561 4188 1654 4247 ponitur
1667 4203 1707 4248 per
1716 4189 1798 4236 titulun

433 4291 463 4320 ιιι
474 4273 550 4319 bilder
561 4273 684 4331 άιροιιααιι.
1145 4272 1215 4314 nostr.
1228 4279 1267 4314 xa
1288 4267 1351 4314 Fasc
1364 4280 1381 4314 r.
1393 4268 1476 4329 dequo
1487 4271 1646 4332 mutuant-p·
1659 4275 1710 4322 rto.

467 4359 552 4407 Contra
569 4355 686 4404 Scheidios
698 4351 788 4416 (Laxic.
805 4351 902 4410 turen
920 4350 945 4396 in
959 4346 1022 4411 voc)
1037 4349 1096 4396 'darn
