3972 5240
685 1135 1043 1230 PAMPHYLIA.

789 1388 937 1425 -φ-

717 1583 1014 1660 ASPENDUM.

795 1803 913 1924 Q?

768 2013 905 2089 CCIX.
932 2039 962 2089 a.

381 2209 1348 2285 ΗΒΟΥΛΗΚΑΙΟΔΗΜΟΣΕΤΕΙΜΗΣΕΝΖΗΝΘΝ.

381 2317 1258 2393 θΕΟΔΘΡΟΥΑΡΧΙΤΕΚΤΟΝΑΤΟΥΘΕΑΤΡΟΥ

381 2427 927 2498 ΤΟΤΗΣΠΟΛΕΘΣΕΡΓΟΝΕ.
942 2430 1220 2502 amatote

383 2537 1215 2611 Armuartrttttttonrtrttontotttoteta

306 2651 328 2720 5
380 2617 1342 2741 numemmxemmuauumhuuonemnu

172 2813 209 2890 Η
236 2804 365 2910 Βουλὴ
390 2810 451 2890 καὶ
483 2810 503 2888 ὁ
536 2811 666 2908 Δῆμος
686 2810 863 2912 ἐτίμησεν
884 2809 1039 2913 Ζήνωνα
1069 2812 1281 2918 Θεοδώρου,
1311 2819 1554 2924 ἀρχιτέκτονα

159 2955 228 3027 τοῦ
247 2942 406 3048 θεάτρου
431 2949 481 3028 εἷς
508 2939 638 3042 τὸτῆς
666 2939 812 3027 πόλεως
842 2942 953 3046 ἔργον
973 2939 1223 3023 εἱσδεδωκάτα
1251 2945 1407 3051 δηνάρια
1427 2997 1440 3010 -
1457 2997 1471 3010 -
1493 2957 1554 3032 καὶ

159 3085 210 3164 εἷς·
231 3081 358 3180 ἀγῶνα
375 3071 555 3179 γυμνικὸν
573 3073 768 3177 γενέθλιον
797 3082 863 3154 τοῦ
893 3071 1050 3178 θεάτρου
1070 3071 1226 3179 δηνάρια
1253 3081 1463 3184 τρισχίλια,
1492 3089 1553 3165 καὶ

160 3217 211 3296 sir
237 3211 408 3316 εὔφημον
427 3207 633 3308 ἐκκλησίαν
652 3204 809 3310 δηνάρια
837 3207 1103 3311 ὀκτακισχίλια
1123 3253 1550 3279 ------------

236 3397 383 3471 Titulus
399 3406 656 3470 commemorat
674 3395 848 3468 honorem
866 3419 888 3468 a
902 3393 1038 3469 Senatu
1049 3393 1263 3492 Populoque
1276 3395 1550 3497 Aspendiorum

156 3517 361 3616 profectum
377 3517 416 3590 in
435 3517 619 3589 Zenonem
636 3514 829 3612 quemdam
843 3515 907 3611 qui
918 3514 1099 3589 theatrum
1110 3528 1342 3591 exstruxerat
1359 3521 1550 3619 variosque

157 3653 323 3736 sumptus
340 3638 378 3710 in
400 3653 582 3711 certamen
609 3637 816 3736 gymnicum
844 3636 961 3710 natale
990 3635 1119 3711 theatri
1150 3637 1289 3736 (credo
1316 3663 1361 3712 eo
1387 3653 1550 3740 tempore

157 3783 233 3856 quo
261 3755 459 3856 perfectum
490 3755 609 3830 fuerat
631 3781 722 3854 opus
747 3756 988 3852 celebratum)
1013 3771 1242 3856 erogaverat;
1269 3757 1549 3836 inconventum

157 3876 398 3976 (ἐκκλησίαν)
430 3905 575 3978 quoque
604 3880 730 3955 eadem
765 3881 961 3967 occasione,
992 3881 1029 3952 ni
1059 3879 1175 3968 fauor,
1208 3881 1383 3972 habitum,
1413 3883 1549 3959 idcireo

155 4021 406 4105 nuncupatum
434 4000 616 4104 εὔφημον,
635 4005 706 4079 hoc
729 4017 793 4090 est,
812 4005 991 4105 faustum,
1020 4006 1098 4080 tene
1123 4006 1324 4094 ominatum,
1342 4007 1547 4107 religiosum.

155 4131 231 4204 Res
259 4151 404 4224 quoque
432 4127 629 4224 probabilis
656 4125 801 4198 videtur
835 4124 946 4222 (conf.
970 4151 1002 4197 v.
1022 4128 1076 4222 3.)
1107 4127 1291 4200 Zenonem
1318 4152 1367 4202 ex
1394 4131 1549 4227 propriis

154 4247 352 4323 contulisse
383 4247 553 4346 pecunias
580 4247 617 4320 in
648 4245 866 4320 erectionem
899 4245 1038 4320 theatri.
1091 4245 1189 4320 Vide
1217 4261 1467 4345 argumentum
1496 4251 1547 4324 tit.

155 4391 255 4444 ccxr.
273 4366 352 4440 infr.
