4004 5264
406 533 425 594 2
971 524 1229 591 PRAEFATIO.

405 720 569 791 arborem
587 741 635 790 ex
652 715 831 802 ramentis,
848 713 968 788 lacum
985 737 1033 786 ex
1052 712 1253 799 stillicidiis
1271 737 1339 786 nec
1357 710 1482 786 deberi
1505 711 1590 784 huic
1618 721 1655 784 et
1681 711 1796 795 alteri,

407 861 472 935 sed
498 859 631 958 agmini
659 857 829 956 opificum
856 855 1026 954 praeclare
1054 854 1323 938 instructorum,
1350 849 1482 924 aedium
1507 847 1794 923 Bbekhianarum

407 1001 641 1100 perpulchras
662 999 959 1097 contignationes.
1011 995 1089 1070 Cur
1105 996 1253 1092 insuper
1270 993 1451 1066 omiserim
1470 991 1569 1087 quod
1586 993 1693 1090 pretii
1710 992 1797 1065 mul·

408 1156 485 1216 tum
512 1143 551 1215 in
573 1142 642 1215 hac
668 1141 818 1214 materia
841 1163 964 1212 secum
982 1136 1108 1222 adfert,
1127 1161 1185 1209 me
1202 1135 1358 1234 propriis
1375 1135 1540 1208 manibus
1558 1149 1797 1208 contrectasse

408 1306 594 1368 marmora,
613 1280 736 1356 abdita
761 1281 905 1356 illorum
934 1281 1081 1379 proprio
1099 1281 1180 1354 visu
1196 1279 1413 1377 indagasse?
1465 1281 1598 1352 Fontes
1619 1279 1679 1374 (ut
1696 1278 1798 1350 trala-

411 1421 488 1493 titie
516 1419 661 1516 loquar)
680 1419 843 1512 adibam;
870 1444 918 1492 ex
947 1419 1034 1492 rivis
1057 1419 1144 1515 ipsis
1166 1417 1280 1511 hausi,
1305 1417 1461 1491 turbidis
1485 1443 1569 1490 sane
1599 1417 1697 1492 haud
1718 1443 1798 1491 raro

408 1574 445 1634 et
470 1559 668 1646 lutulentis,
686 1557 750 1634 sed
780 1561 916 1655 absque
946 1583 1049 1632 coeno
1073 1557 1236 1630 admixto
1253 1559 1556 1654 conjectationum
1575 1583 1623 1630 ex
1646 1559 1798 1632 aliorum

410 1699 555 1796 ingenio
571 1701 774 1797 petitarum.

483 1841 567 1914 Hoc
590 1842 674 1914 satis
699 1855 754 1916 est
775 1843 935 1916 breviter
962 1855 1070 1938 atque
1102 1855 1143 1914 ut
1164 1843 1355 1916 Musarum
1378 1841 1562 1914 alumnum
1581 1838 1687 1914 decet
1709 1839 1799 1913 citra

409 1979 582 2056 invidiam
600 1979 808 2055 declarasse.
861 1980 980 2054 Pluris
999 1981 1122 2054 valent
1148 1981 1285 2054 monita
1307 1979 1353 2054 de
1371 1980 1490 2077 operis
1508 1981 1644 2076 incepti
1660 1980 1798 2054 ratione

409 2120 508 2217 quod
525 2119 686 2196 adhunc
703 2147 818 2218 usque
842 2120 950 2194 finem
977 2122 1136 2218 perduxi
1157 2135 1198 2194 ut
1223 2122 1384 2197 chartam
1402 2121 1670 2220 epigraphicam
1688 2121 1798 2194 totius

410 2257 484 2332 sere
502 2258 604 2332 Asiae
630 2256 864 2332 occidentalis
891 2259 939 2332 ob
966 2259 1090 2334 oculos
1119 2261 1316 2359 legentium
1345 2264 1511 2338 statuisse
1539 2264 1649 2338 dicar.
1702 2263 1800 2358 Quid

413 2401 538 2474 enim?
572 2398 758 2474 Volumen
772 2395 871 2492 quod
887 2423 985 2472 nunc
995 2421 1044 2471 ex
1057 2397 1199 2474 officina
1209 2399 1432 2475 Academica
1447 2401 1570 2499 prodit
1587 2415 1624 2476 et
1638 2403 1801 2502 (curhoc

411 2536 593 2633 taceam?)
612 2535 735 2610 favore
762 2547 800 2609 et
822 2535 948 2610 officiis
965 2538 1126 2612 virorum
1150 2539 1346 2638 insignium
1376 2541 1466 2614 mihi
1492 2543 1801 2639 conjunctissimo-

410 2705 491 2752 rum
509 2678 573 2774 qui
588 2678 697 2750 rebus
709 2675 940 2750 Academicis
958 2690 1118 2774 praesunt
1130 2692 1334 2777 exceptum,
1346 2682 1471 2756 titulos
1489 2685 1742 2781 complectitur
1754 2711 1802 2758 ex

411 2818 538 2917 Mysia,
562 2815 729 2914 Phrygia,
753 2814 976 2915 Pamphylia,
1002 2815 1140 2903 Cilicia,
1164 2815 1290 2918 Lydia,
1311 2819 1426 2906 Caria,
1450 2821 1596 2915 Pisidia,
1620 2823 1800 2922 Bithynia,

411 2963 552 3045 relatos,
571 2958 734 3033 dicturus
751 2982 849 3032 eram
870 2971 1068 3058 rqaortutos,
1086 2983 1199 3054 quum
1216 2984 1343 3034 revera
1361 2962 1434 3034 sint
1456 2975 1585 3062 tropaea
1603 2966 1803 3038 constantia

412 3101 690 3198 haudquaquam
717 3099 891 3174 mediocri
919 3111 957 3172 et
982 3099 1105 3174 labore
1133 3101 1344 3196 conquisita
1414 3101 1554 3178 Civitas
1578 3102 1802 3200 Aphrodites

416 3247 477 3342 (ut
498 3242 639 3341 singula
662 3239 854 3339 attingam)
883 3265 1075 3314 numerum
1105 3241 1213 3339 longe
1243 3243 1416 3337 majorem
1445 3242 1698 3341 suppeditavit,
1724 3267 1801 3342 per-

415 3383 601 3484 pulchram
630 3381 753 3456 sedem
773 3381 938 3458 Caricam
965 3379 1049 3456 dico
1079 3381 1143 3455 ubi
1170 3381 1208 3454 in
1238 3381 1307 3456 hac
1334 3382 1463 3456 militia
1485 3381 1701 3478 jamdudum
1731 3409 1802 3456 me·

412 3537 533 3600 ruerat
562 3523 740 3620 stipendia
771 3521 981 3610 Sherardus,
1012 3524 1077 3619 qui
1109 3548 1311 3621 praeconem
1346 3523 1464 3599 laudis
1497 3549 1682 3621 nunquam
1717 3525 1801 3599 satis

412 3661 722 3742 commendatione
750 3659 991 3734 litteratorum
1019 3661 1323 3758 prosequendum,
1348 3663 1557 3760 Augustum
1587 3663 1800 3752 Bdckhium

412 3804 558 3896 habuit;
586 3803 650 3878 ubi
681 3826 836 3899 quoque,
867 3805 1013 3878 biennio
1043 3819 1126 3882 ante
1153 3831 1253 3880 meos
1283 3807 1425 3882 labores
1456 3822 1649 3906 susceptos,
1678 3835 1801 3884 monu-

412 3946 543 4020 mentis
576 3943 832 4042 insignioribus
865 3945 1101 4042 pertractatis,
1135 3944 1320 4043 ingenium
1359 3971 1464 4022 suum
1505 3961 1542 4020 et
1577 3947 1800 4047 diligentiam

413 4097 606 4160 exacuerat
622 4083 843 4158 Fellowsius.
895 4087 1065 4160 Honores
1081 4086 1165 4162 ideo
1181 4087 1221 4164 in
1237 4085 1308 4161 hoc
1320 4112 1447 4186 campo
1465 4087 1670 4164 dimidiatos
1687 4090 1801 4186 plora·

414 4224 527 4298 verim
555 4222 593 4296 ni
619 4221 807 4295 mansisset
825 4221 1023 4321 voluptatis
1049 4250 1157 4321 quam
1186 4229 1281 4302 sensi
1299 4227 1384 4304 dum
1403 4231 1538 4328 templa
1555 4235 1643 4329 ejus,
1662 4235 1800 4320 moenia,

413 4365 561 4450 theatra,
579 4360 647 4435 aevi
659 4358 833 4436 felicioris
850 4359 993 4451 indicis,
1011 4363 1266 4458 perlustrarem
1284 4365 1465 4439 memoria.
