3992 5240
181 508 524 598 rsscu.xrv.rao.1.]
752 507 1008 574 THYATIRA.
1512 513 1574 577 175

180 699 285 774 dedit
300 723 384 773 cum
400 697 523 774 littera
538 697 573 772 A
600 696 849 794 suprascripta,
870 697 1030 784 contuli:
1059 696 1202 794 longius
1220 721 1308 770 vero
1324 699 1498 794 prooessit
1515 699 1572 771 vir

180 819 421 906 doctissimus
439 819 503 916 qui
519 819 760 916 fragmentum
780 830 944 890 nostrum
967 815 1067 912 quod
1093 818 1132 889 in
1159 841 1268 914 opere
1286 841 1351 890 suo
1369 816 1571 916 designavit

180 937 223 1012 Β
239 936 286 1011 ud
302 961 466 1010 normam
489 937 635 1011 alterius
662 937 843 1034 integrum
874 935 1104 1032 suppleverit.
1158 937 1277 1032 Atqui
1295 929 1503 1036 scrdbulum
1520 941 1571 1012 in·

175 1057 262 1154 jicit
289 1057 435 1154 partitio
452 1081 623 1130 versuum
649 1057 689 1129 in
715 1067 859 1128 nostro:
887 1053 1089 1152 fragmenta
1116 1039 1224 1154 porro
1250 1064 1387 1131 ΩΑΣΕΙ
1418 1059 1456 1131 in
1484 1064 1516 1132 5.
1534 1074 1571 1134 et

182 1184 308 1252 ΕΝΤΑ
337 1177 376 1249 in
407 1179 439 1250 6.
471 1201 553 1273 quae
584 1177 623 1249 in
657 1199 834 1248 marmore
869 1173 969 1270 quod
997 1175 1074 1248 vidi
1107 1177 1310 1251 luculenter
1343 1181 1570 1276 apparebant.

179 1299 310 1394 Lectio
328 1301 792 1371 ΔΕΚΑΠΡΩΤΕΥΣΑΝΤΑ
810 1293 848 1366 in
866 1293 993 1366 ultimo
1020 1318 1085 1390 per
1116 1319 1153 1368 se
1181 1296 1264 1370 satis
1288 1298 1573 1374 commendanda

181 1433 249 1506 est,
280 1418 346 1492 sed
374 1431 500 1492 contra
532 1417 641 1492 fidem
669 1416 799 1514 lapidis
826 1439 935 1510 quem
965 1417 1135 1490 attentius
1169 1417 1384 1514 perlustravi
1414 1419 1479 1492 vix
1512 1419 1571 1492 ad·

181 1539 354 1613 miserim.

258 1658 378 1732 Diluit
394 1669 645 1756 argumentum
668 1681 689 1730 a
706 1679 875 1728 versuum
893 1653 1117 1728 ordinatione
1135 1667 1288 1730 tractum
1305 1657 1488 1733 Bockbius
1505 1685 1571 1757 per

178 1780 440 1879 negligentiam
469 1780 554 1853 satis
581 1791 703 1852 notam
720 1776 971 1876 Peysonnelii:
1000 1775 1131 1850 deinde
1153 1778 1306 1852 alterum
1332 1791 1463 1876 praeter
1490 1804 1571 1875 pur·

177 1903 345 2000 purarios
362 1901 556 2000 collegium
573 1901 732 1999 potuisse
744 1901 1025 1997 Artemagorum
1042 1898 1294 1973 honoravisset
1314 1911 1455 1998 poterat
1472 1901 1570 1994 equi·

179 2023 276 2108 dem,
289 2020 354 2094 sed
370 2046 451 2118 quae
468 2045 596 2094 revera
610 2019 754 2107 fiebant,
768 2043 841 2092 non
853 2017 1063 2115 probabilia,
1076 2018 1278 2115 quaerimus.
1312 2018 1568 2117 Colligendum

179 2143 313 2240 opinor
330 2166 379 2214 ex
395 2141 502 2214 titulo
518 2140 734 2214 honoratum
762 2139 871 2212 fuisse
902 2137 1094 2232 quemdam
1122 2140 1186 2234 qui
1209 2163 1246 2212 se
1263 2139 1301 2210 in
1318 2164 1357 2212 re
1375 2139 1570 2237 agonistica

179 2261 355 2360 praeclare
372 2273 550 2359 gesserat:
580 2272 732 2334 statuam
749 2260 784 2332 ei
799 2258 950 2356 positam
969 2257 1079 2331 fuisse
1097 2258 1135 2331 in
1152 2259 1233 2333 loco
1250 2258 1404 2355 quodam
1423 2259 1569 2356 publico

178 2380 290 2456 Accio
324 2380 384 2452 vel
416 2377 552 2466 Asicio,
587 2380 688 2454 Asiae
720 2379 880 2466 fortasse,
915 2378 1017 2451 heroi
1050 2377 1203 2476 indigeti
1238 2379 1363 2466 Cariae‚
1394 2378 1569 2465 dedicat-0,

177 2497 323 2598 τεμένει
340 2505 399 2578 vel
426 2505 587 2579 delubro.
639 2507 778 2603 Aperte
807 2503 1009 2577 declaratur
1038 2503 1339 2600 Lampadarcbia;
1366 2505 1497 2578 deiude
1515 2531 1570 2578 co-

176 2653 307 2703 ronam
336 2629 508 2704 meruisse
538 2629 647 2728 (quid
677 2631 772 2702 enim
802 2629 896 2702 illud
927 2635 1047 2703 ΕΝΤΑ
1075 2629 1145 2703 nisi
1172 2622 1513 2730 στεφανωθένταῗ),
1533 2645 1569 2704 et

177 2749 313 2823 ceteris
331 2749 581 2846 praecelluisse.
634 2751 717 2825 Hoc
734 2751 772 2822 in
785 2749 965 2823 clausula:
986 2749 1075 2846 quid
1086 2762 1185 2823 vetat
1198 2751 1425 2848 suppleamus
1439 2751 1477 2824 in
1490 2777 1521 2824 ν.
1537 2758 1568 2824 3.

175 2865 444 2945 Ἀπολλώνιον
461 2863 646 2964 Ἰούστου,
665 2888 707 2948 ut
723 2877 761 2948 in
779 2901 851 2972 seq.
862 2899 942 2949 xm.
961 2875 994 2948 d.
1013 2875 1186 2950 habemus
1205 2869 1426 2973 Μένανδρον
1439 2868 1568 2949 Παύλ-

173 2999 280 3072 λουῗ
332 3001 412 3073 Ηαο
429 2999 567 3072 ratione
585 3000 725 3098 integra
745 3000 868 3098 prodit
890 3001 1095 3098 inscriptio;
1123 3029 1145 3094 η
1181 2992 1427 3098 λαμπροτάτη
1457 2992 1569 3080 πόλις

175 3121 255 3196 τῶν
274 3119 534 3219 Θυατειρηνῶν
553 3116 729 3217 ἐτίμησεν
747 3114 1009 3198 Ἀπολλώνιον
1029 3115 1264 3225 (Ἰούστοοῗ)
1291 3121 1337 3228 τῇ
1358 3129 1424 3199 τοῦ
1443 3122 1567 3223 ἀνδρι-

174 3238 292 3324 άντος
318 3237 526 3320 ἀναστάσει
553 3243 593 3320 ἐν
617 3243 669 3347 τῷ
686 3239 836 3348 Ἀσείῳ,
869 3239 1146 3348 λαμπαδάρχην
1179 3243 1466 3350 στεφανωθέντα
1496 3252 1569 3325 τῶν

175 3362 358 3468 μεγάλων
380 3363 657 3468 Ἀνγουστείων
675 3363 911 3461 Ἰσοπυθίων,
931 3369 992 3446 καὶ
1010 3363 1289 3470 πρωτεύσαντα.

572 3574 720 3648 Fascrc.
739 3575 766 3646 I.
795 3575 873 3648 T1r.
892 3575 1000 3647 XIV.
1019 3599 1048 3647 e.
1075 3599 1109 3672 p.
1130 3576 1187 3648 64.

258 3733 305 3806 IL
333 3731 482 3844 Editum
510 3732 651 3830 reperio
668 3732 706 3805 in
723 3733 817 3806 libro
834 3735 997 3832 ejusdem
1015 3761 1047 3806 v.
1062 3733 1112 3807 d.l
1166 3736 1405 3808 Tentaveram
1423 3737 1568 3834 jampri-

173 3855 264 3928 dem
282 3851 381 3924 varia
406 3851 445 3924 in
462 3878 496 3924 v.
514 3856 543 3925 1.
561 3853 626 3926 ubi
651 3853 808 3950 primum
836 3855 1010 3952 descripsi
1035 3859 1480 3941 ΤΟΝΘΥΟΘΕΤΑΤΗΝ,
1500 3859 1566 3930 viz.

175 3967 651 4071 θυοθεμάτιον,θνοθήκην,
669 3968 893 4072 ὀστοθήκην.
947 3979 1115 4055 Consisto
1138 3979 1284 4053 demum
1308 3979 1346 4052 in
1369 3969 1435 4052 τὸν
1458 3974 1565 4076 ὀρθο-

173 4093 327 4195 στάτην
343 4101 443 4198 quod
460 4127 508 4175 ex
530 4103 715 4176 elementis
739 4103 935 4202 apographi
951 4105 1024 4178 mei
1041 4103 1209 4179 facillime
1230 4103 1384 4202 profluit.
1436 4105 1567 4177 Proke-

692 4278 1053 4358 rmmmmnm
