3952 5238
159 598 407 679 masmanna]
667 591 989 660 APHRODISIAS.
1490 598 1551 664 329

157 781 287 866 lepidum
297 791 329 845 et
338 792 446 868 postea
457 801 560 844 amara
571 777 713 844 irrisione
725 778 952 866 comparaverit
957 777 1082 864 judices
1093 777 1219 844 illorum
1226 778 1380 869 Turpioni
1392 781 1551 863 etVettio,

160 897 296 971 quaestus
311 882 514 950 sordidissimi
529 883 730 950 hominibus⁶.

223 992 438 1072 Quaestionem
463 988 648 1054 illustratam
673 987 877 1077 proponimus
900 1011 942 1054 ex
968 988 1170 1076 Spanhemio¹
1193 990 1401 1077 potissimum,
1422 1017 1464 1058 ex
1488 1019 1550 1080 quo

159 1121 224 1176 sua,
240 1121 386 1186 magnam
396 1109 527 1184 partem,
540 1095 697 1172 Pitiscus⁸‚
713 1111 745 1161 ct
759 1095 914 1162 recentius
929 1096 1211 1183 perspicacissimus
1234 1097 1440 1178 Eckheliusi,
1462 1124 1551 1164 num·

159 1201 227 1278 mm,
239 1215 277 1268 ut
291 1202 392 1280 toties,
407 1201 573 1290 insigniter
587 1201 826 1289 adjuvantibus¹.
871 1203 1106 1290 Perpendamus
1130 1203 1164 1268 in
1184 1205 1294 1292 primis
1316 1205 1393 1291 quid
1411 1221 1444 1272 et
1458 1208 1549 1293 quale

158 1308 254 1374 fuerit
262 1309 323 1374 hoc
335 1308 535 1374 decantatum
544 1310 580 1376 τὸ
590 1307 839 1394 αὐτονομεῖσθαι.
870 1307 943 1372 Νοιι
954 1307 1099 1395 ignotum
1109 1307 1202 1373 fuisse
1215 1309 1452 1396 antiquioribus,
1459 1310 1548 1376 Thu·

158 1415 280 1505 cydidi'*
295 1429 328 1482 et
338 1415 567 1495 Demostheni¹,
582 1429 670 1504 patet
683 1440 726 1481 ex
736 1416 814 1482 locis
822 1415 856 1480 in
868 1415 982 1501 quibus
995 1415 1088 1481 obvia
1102 1429 1184 1494 sunt,
1201 1428 1348 1502 tanquam
1361 1440 1546 1505 synonyma,

158 1525 337 1609 αὐτόνομος
348 1534 380 1587 et
394 1521 567 1607 ἐλειίθερος,
582 1523 752 1608 αιἰτονομῖα
768 1534 800 1586 et
814 1521 981 1606 ἐλευθερία,
994 1544 1127 1606 quorum
1142 1520 1279 1608 primurn
1288 1522 1372 1588 varie
1387 1523 1546 1604 definitur,

159 1653 222 1694 non
237 1642 361 1694 tantum
380 1653 398 1692 a
415 1627 617 1715 Thucydide,
632 1627 688 1694 sed
706 1641 739 1693 et
758 1628 798 1693 ab
814 1627 883 1693 aliis
897 1627 1063 1707 historicis,
1078 1626 1239 1714 Appiano,
1262 1627 1377 1705 Dione,
1393 1628 1544 1704 Diodoro,

159 1734 306 1823 Polybio,
327 1737 438 1820 νόμοις
456 1744 525 1810 τοῖς
540 1730 643 1812 ἰδίοις,
664 1743 733 1811 τοῖς
753 1736 886 1810 οἰκείοις,
904 1730 1047 1820 χρῆσθαι·
1070 1737 1223 1818 πατρίοις,
1234 1732 1381 1820 ἀρχαίοις
1395 1733 1476 1801 ’ἔθεσι
1496 1741 1545 1802 καὶ

159 1846 270 1928 νόμοις
285 1841 449 1930 ἄρχεσθαι·
473 1847 601 1913 κατὰτὰ
617 1847 742 1932 πάτρια,
759 1846 797 1911 τὰ
817 1843 889 1924 ἴδια,
906 1847 1030 1929 νόμιμα,
1047 1843 1098 1908 vel
1113 1851 1188 1921 τοῦς
1202 1855 1257 1922 τῆς
1271 1845 1398 1924 πόλεως
1413 1851 1543 1932 νόμους,

157 1947 209 2012 vel
230 1947 423 2036 simpliciter,
440 1953 571 2035 νόμους,
588 1949 640 2014 vel
661 1960 729 2027 τοῖς
749 1948 840 2027 ἰδίοις
856 1947 993 2034 θεσμοῖς,
1009 1949 1191 2026 πολιτεύειν,
1214 1954 1248 2017 ἐν
1271 1951 1440 2038 αὐτονομίᾳ
1455 1952 1546 2020 πολι-

157 2053 307 2131 vetrallae,
329 2064 398 2131 τοῖς
417 2060 541 2132 οἰκείοις
565 2057 676 2138 νόμοις
695 2054 863 2123 πείθεσθαι·
887 2054 954 2119 haec
977 2078 1097 2142 pauca:
1120 2053 1159 2120 de
1185 2078 1217 2120 re
1241 2055 1375 2142 agebant
1396 2055 1545 2122 nimirum

158 2159 349 2245 antiquiores
364 2184 406 2225 ex
429 2160 544 2246 quibus
564 2160 740 2249 designatio
766 2161 830 2226 sola
849 2161 889 2226 ad
909 2160 1026 2226 seriora
1047 2173 1189 2248 tempora
1211 2161 1374 2248 profluxit,
1389 2185 1461 2227 cum
1477 2162 1545 2227 aliis

157 2267 238 2330 bene
254 2265 370 2344 multis,
391 2289 489 2352 quum
512 2265 651 2353 pristinae
674 2265 826 2332 libertatis
851 2267 1000 2332 manserit
1017 2267 1183 2332 dumtaxat
1197 2266 1380 2332 recordatio.
1425 2268 1543 2332 Exem-

157 2372 247 2459 plum
262 2371 364 2458 capias
379 2371 455 2437 licet
479 2395 521 2437 ex
542 2371 647 2437 verbis
664 2370 778 2436 Dionis
800 2369 985 2436 Prusensis¹¹1
1005 2369 1043 2435 de
1064 2369 1313 2436 Atheniensibus
1341 2383 1374 2435 et
1398 2370 1543 2436 Lacedae-

157 2476 281 2556 moniis,
302 2478 421 2544 collatis
448 2502 520 2544 cum
540 2478 609 2545 loco
635 2478 733 2545 Plinii
756 2479 891 2564 junioris
915 2502 1007 2566 supra
1032 2477 1136 2543 citato.
1196 2477 1306 2560 Qualis
1331 2501 1422 2566 porro
1451 2478 1545 2545 firerit

157 2578 284 2645 libertas
299 2581 551 2646 Phocaeensiumu
567 2593 804 2668 ceterorumque
817 2580 1010 2646 Asianorum
1025 2579 1058 2644 in
1074 2603 1207 2666 quorum
1222 2581 1355 2669 gratiam
1369 2581 1545 2670 petiverant

157 2708 175 2749 a
191 2684 320 2762 Senatu,
336 2709 394 2751 nec
409 2686 532 2764 frustra,
548 2685 748 2751 Rhodiorum
763 2685 868 2770 legati,
883 2697 920 2749 ut
934 2683 1111 2749 libertatern
1126 2683 1272 2751 omnibus
1281 2687 1543 2772 jucundissimam

156 2805 442 2876 consequerentur,
458 2792 531 2858 satis
545 2791 758 2879 colligendum
781 2805 828 2856 est
846 2813 888 2856 ex
903 2789 1007 2856 verbis
1023 2789 1206 2868 Ciceronis,
1229 2805 1262 2857 et
1285 2793 1355 2869 hoc,
1371 2793 1436 2859 sive
1456 2817 1542 2882 spec-

158 2911 263 2963 tentur
280 2897 483 2977 Antiocheni,
501 2897 556 2984 qui
580 2923 598 2963 a
619 2898 795 2986 Pompeios,
811 2897 871 2975 vel,
898 2911 934 2962 ut
959 2897 1088 2984 quidam
1110 2897 1258 2978 tradunt,
1275 2899 1395 2964 aJulio
1410 2899 1541 2982 Gaesare,

157 3004 265 3093 paucis
279 3019 349 3093 post
364 3006 463 3086 annis,
479 3019 642 3072 numerata
662 3006 797 3094 pecunia
816 3005 1019 3093 privilegium
1040 3003 1224 3090 consequuti
1247 3004 1378 3082 firerant,
1394 3004 1445 3071 vel
1466 3006 1543 3072 Tar-

157 3134 269 3189 senses,
285 3111 340 3197 qui
366 3113 407 3178 ob
424 3111 536 3178 merita
558 3111 592 3176 in
607 3112 791 3200 Augustum
806 3125 838 3178 et
848 3109 1026 3176 Antonium
1042 3122 1074 3175 et
1089 3110 1209 3188 ἀτελεῖς
1223 3122 1256 3176 ct
1269 3111 1439 3196 αὐτόνομοι
1454 3125 1543 3178 erant

156 3219 252 3286 sacti'.

186 3399 198 3424 ²
214 3393 287 3453 Epist.
296 3393 434 3442 sdAtticv.
444 3397 465 3442 1.
905 3389 917 3424 ¹
934 3393 999 3441 Cont.
1012 3404 1041 3440 ιι.
1052 3393 1089 3439 63.
1103 3393 1141 3439 71.
1155 3404 1189 3438 rv.
1207 3393 1245 3440 87.

190 3475 249 3525 'Ds
260 3478 322 3527 Orbe
336 3479 433 3525 Roman
450 3479 552 3544 Exarsit.
574 3481 644 3526 9-16.
679 3479 714 3526 De
733 3479 783 3526 Usu
799 3485 823 3526 et
906 3475 911 3509 ¹
933 3477 998 3526 conf.
1011 3477 1107 3537 Olynth
1117 3490 1133 3523 1.
1146 3491 1167 3536 p
1178 3479 1215 3525 15.
1227 3479 1265 3525 26.
1299 3477 1425 3527 DeOorua.
1436 3480 1490 3528 827.
1501 3483 1522 3527 8.

156 3563 530 3612 mahummariam
539 3577 586 3613 ιιι.
598 3579 619 3624 p.
631 3565 685 3612 710.
904 3569 921 3594 ¹¹¹
933 3563 998 3610 Orat.
1010 3575 1086 3609 xxxi.
1098 3576 1120 3621 p
1129 3563 1183 3608 ets.

186 3655 198 3690 Ι
215 3649 294 3696 laria
305 3649 456 3709 Antiqq.rcl.
468 3662 483 3695 ι.
495 3663 533 3710 pp.
543 3651 598 3696 229.
610 3663 628 3696 a
904 3651 915 3676 ¹²
932 3645 1015 3706 Polyb.
1029 3657 1097 3690 xxu.
1109 3645 1147 3691 2⁷.
1161 3647 1182 3692 7.
1201 3644 1251 3692 Liv.
1259 3657 1375 3694 xxxviii.
1388 3647 1426 3694 39.

185 3729 197 3764 ⁸
213 3731 266 3780 Vol.
275 3745 309 3779 ιν.
322 3747 358 3792 pp.
371 3735 426 3780 263.
435 3747 466 3780 ss.
903 3737 915 3762 ⁰
934 3730 1015 3791 Polyb
1027 3729 1082 3776 ibid
1095 3731 1117 3776 ὅ.
1128 3733 1148 3786 7,
1162 3731 1198 3776 10.
1216 3729 1267 3776 Liv.
1276 3743 1379 3776 mvn.
1390 3733 1428 3778 56.

188 3815 194 3848 ¹
213 3817 242 3864 In
259 3817 360 3864 nummis
375 3819 507 3865 autonomia
526 3819 660 3879 designatur
678 3833 719 3878 per
733 3819 821 3879 simpli-
903 3823 916 3856 ¹³
933 3815 997 3864 Orat.
1010 3816 1034 3861 in
1045 3815 1121 3862 Pison.
1134 3827 1188 3861 xvi.
1198 3813 1273 3862 collat.
1283 3829 1335 3861 cum
1346 3815 1419 3875 Epist
1431 3817 1538 3866 adAttic.

152 3916 202 3950 cern
213 3905 242 3950 A.
252 3907 279 3948 ut
289 3902 313 3948 in
321 3901 392 3948 Abila
403 3902 506 3950 urenda
522 3909 545 3950 st
560 3903 658 3952 Gsdnris
669 3903 821 3962 Decapolsos:
872 3915 906 3950 vr.
922 3904 942 3948 1.

153 3989 226 4036 adn
238 3987 284 4035 rol
294 4001 333 4034 ιιι.
344 4001 382 4047 pp.
391 3990 445 4034 343.
455 3991 510 4035 349.
522 3988 560 4036 val
570 3993 645 4048 pera.
657 3995 681 4035 et
696 3991 740 4034 rt.
757 3989 823 4035 utin
903 3994 915 4028 1
932 3987 992 4033 Vide
1011 3985 1123 4046 Porphyr.
1146 3985 1170 4030 in
1194 3984 1308 4044 excerptis
1332 3983 1452 4031 Eusebian.
1475 3988 1537 4047 apud

152 4073 294 4134 Capitolisde
306 4073 440 4134 celesyria.
464 4073 523 4120 lbid.
534 4087 559 4134 p.
569 4075 623 4120 828.
634 4073 657 4120 b.
682 4073 742 4121 obv.
750 4075 821 4120 atr.
873 4071 980 4132 Scaliger.
990 4085 1013 4130 p.
1023 4072 1061 4118 62.

151 4160 175 4206 in
185 4160 248 4206 Dora
260 4158 392 4205 Phoenicia:
409 4172 432 4218 p.
441 4159 495 4205 363.
505 4172 525 4204 a
544 4161 634 4206 ΑΥΤΟ.
646 4159 671 4204 in
680 4158 821 4205 Diocaesarea
902 4162 912 4188 ¹
932 4157 967 4204 Sc
977 4155 1137 4203 anarchon
1144 4153 1270 4200 Alexandr.
1276 4167 1299 4213 p.
1307 4155 1359 4200 187.
1369 4153 1411 4199 Ed
1418 4153 1534 4217 Dncanga

151 4245 264 4294 Galilaea:
282 4259 305 4305 p.
319 4247 374 4292 425.
386 4245 408 4290 b.
436 4245 551 4291 Arrcti.
570 4245 595 4290 in
614 4243 708 4292 Sebaste
719 4243 817 4291 Cilicia:
870 4240 949 4288 Matar
962 4237 1069 4288 chronol.
1082 4251 1117 4285 rx.
1129 4252 1151 4298 p
1161 4239 1216 4286 373.

149 4347 171 4392 p.
194 4333 233 4379 82.
256 4345 279 4378 a.
321 4330 350 4376 In
367 4329 454 4388 ceteris,
476 4330 682 4386 AYTONOMOC,
693 4357 759 4368 -
769 4329 816 4386 01,
899 4331 908 4358 ¹
929 4325 994 4374 cons
1005 4338 1110 4371 nummos
1120 4338 1174 4371 cum
1185 4323 1259 4372 Dione
1271 4323 1336 4370 Pru
1349 4323 1452 4373 Tarsam.
1466 4339 1494 4376 ιι.
1511 4333 1534 4376 et

150 4446 215 4458 ..-
226 4417 281 4463 DN.
867 4411 967 4472 Appisn.
980 4411 1008 4458 B.
1019 4409 1046 4459 0.
1058 4423 1084 4457 v.
1095 4413 1116 4458 7.

213 4517 331 4564 rasum.
348 4519 384 4563 ιι.
820 4497 840 4560 2
857 4517 877 4561 u
