4004 5264
443 557 484 619 54
849 553 899 619 ΙΝ
902 551 1205 620 SCRIPTIONES
1227 553 1420 620 GRAEOAE.
1560 555 1830 644 [mecmmvur.

517 753 691 827 Perhibet
710 751 771 826 hic
789 753 916 827 titulus
939 737 1245 827 substructionem
1264 743 1453 854 (πλάταν)
1472 753 1583 828 fuisse
1601 755 1832 855 Polychronii

442 874 640 972 cujusdam,
659 874 890 948 concessione
910 873 1003 970 juris
1031 873 1066 946 ei
1092 871 1188 948 fucta
1213 897 1235 946 c
1259 873 1510 972 Polychronia,
1527 875 1682 973 conjuge
1700 876 1779 971 ejus
1795 889 1834 948 ut

444 995 599 1069 videtur.
651 993 804 1081 Deinde,
823 1017 932 1090 super
947 992 1047 1066 illam
1064 1003 1291 1066 exstructum
1318 991 1428 1068 fuisse
1451 1007 1728 1069 monumentum
1745 996 1835 1069 etin

445 1141 490 1190 eo
514 1115 676 1189 loculum
694 1114 942 1213 sepulcralem,
959 1111 1118 1199 cellulas,
1136 1124 1174 1186 et
1189 1127 1311 1186 cetera
1327 1138 1408 1209 quae
1425 1113 1472 1188 od
1488 1113 1581 1188 illud
1597 1115 1833 1213 pertinebunt.

445 1235 596 1334 Sepulta
618 1235 834 1332 jamdudum
863 1237 902 1310 in
932 1235 1153 1334 sarcophago
1175 1247 1396 1310 memoretur
1411 1237 1549 1333 conjux
1565 1237 1674 1336 prior,
1692 1239 1835 1324 Barills,

443 1369 479 1430 et
506 1355 545 1429 in
574 1355 705 1430 eodem
732 1357 813 1430 vult
839 1357 967 1455 ipsum,
993 1367 1168 1453 prseteres
1193 1357 1385 1446 neminem,
1414 1357 1567 1455 sepeliri.
1618 1361 1679 1433 Ex
1694 1359 1836 1433 cellulis

443 1485 554 1548 unam
571 1475 720 1574 conjugi
739 1473 1010 1574 (Polychroniae
1020 1472 1057 1570 l)
1074 1471 1212 1546 addicit
1227 1473 1375 1570 filioque
1393 1473 1658 1574 Polychronio:
1688 1476 1836 1550 alterum

443 1593 526 1668 filiis
545 1595 699 1670 Tatiano
722 1606 760 1670 et
776 1595 945 1670 Adrasto.
997 1593 1166 1690 Denique
1190 1595 1377 1692 provisum
1395 1607 1451 1669 est
1475 1619 1522 1668 ne
1538 1594 1693 1669 leedntur
1713 1619 1836 1672 monu-
1984 1615 1985 1620 ’

446 1725 609 1787 mentum
636 1739 702 1812 per
728 1714 967 1813 privationem
996 1711 1209 1788 hereditatis
1237 1715 1405 1790 simodo
1438 1715 1697 1814 negligentium
1728 1715 1768 1790 in
1793 1741 1835 1790 eo
1984 1755 1985 1814 p

444 1833 608 1909 curando
624 1835 836 1911 admiserint
844 1835 998 1910 heredes
1024 1835 1111 1932 ejus,
1129 1859 1281 1922 necnon,
1299 1833 1454 1910 formula
1471 1835 1635 1924 sollenni,
1653 1859 1720 1935 per
1737 1861 1834 1911 exse·
1984 1893 1985 1898 ,

443 1959 643 2032 orationem
661 1970 699 2033 et
714 1959 874 2033 multem.
926 1959 1031 2031 AEtas
1048 1958 1194 2032 incerte.

518 2079 752 2177 Descriptum
778 2079 892 2153 habui
921 2079 967 2152 de
998 2077 1221 2177 sarcophago
1251 2078 1400 2177 (uerum
1427 2077 1585 2175 appellnt
1614 2077 1832 2176 Boethius)
1984 2069 1985 2076 ἵ

444 2199 563 2296 operis
593 2198 729 2286 eximii,
757 2199 863 2273 lateri
893 2199 1010 2294 cujus,
1035 2221 1214 2296 supraque
1232 2199 1390 2292 titulum,
1407 2198 1536 2295 cupite,
1553 2197 1658 2272 virile
1676 2211 1714 2272 ct
1735 2200 1834 2275 muli·
1984 2253 1985 2256 ,

443 2321 539 2406 ebre,
557 2319 740 2417 insculpta
756 2330 868 2392 erunt
932 2317 1098 2416 Speciem
1114 2318 1154 2392 in
1170 2317 1265 2392 libro
1282 2320 1361 2414 ejus
1377 2317 1503 2392 retulit
1520 2319 1757 2410 Fenowsiue,
1775 2322 1834 2418 qui

443 2455 481 2516 et
498 2443 646 2516 titulum
664 2439 787 2514 edidit.
839 2438 1025 2515 Bockhius
1039 2463 1087 2512 ex
1107 2436 1305 2514 Sherardo‘¹
1323 2450 1361 2511 et
1380 2437 1623 2536 Spenhemio‘.

517 2564 634 2636 Lectt.
645 2585 718 2634 var.
732 2571 826 2656 sunt,
843 2561 882 2634 in
894 2587 926 2634 v.
939 2563 972 2634 2.
988 2562 1028 2635 B.
1043 2566 1467 2636 ΟΝΤΗΝΑΠΛΑΤΟΝ.
1515 2561 1602 2635 Feli
1616 2566 1829 2636 ΠΑΛΤΟΝ.

445 2683 576 2758 statim
592 2695 683 2780 post,
705 2684 746 2757 B.
766 2689 871 2757 ΕΥΝ.
899 2683 937 2756 in
957 2682 1018 2757 fin.
1038 2690 1231 2758 ΚΑΛΑΙΚΡ
1252 2695 1319 2758 etc.
1372 2685 1538 2780 Uterque
1567 2684 1701 2757 iterum
1730 2689 1835 2758 ΠΛΑ·

442 2809 546 2878 ΤΟΝ
575 2803 614 2876 in
636 2829 670 2876 v.
695 2805 728 2876 3.
753 2803 862 2901 paulo
888 2816 979 2902 post,
1002 2804 1043 2877 B.
1061 2809 1294 2878 ΤΟΠΛΑΤΑ
1324 2816 1362 2878 et
1390 2811 1664 2893 ΚΑΙΣΩΣΓΑΣ,
1682 2817 1720 2878 et
1746 2803 1833 2878 inc

446 2930 581 2997 ΕΙΣΙΝ.
639 2925 807 3020 Uterque
836 2929 1039 2998 ΒΑΡΙΛΛΑ.
1101 2923 1197 2998 Dein
1227 2925 1267 2996 Β.
1289 2930 1523 3000 ΕΝΑΥΤΟΥ.
1593 2923 1647 2997 Id.
1666 2923 1705 2996 in
1735 2927 1767 2998 5.
1784 2949 1834 3022 pr.

406 3071 410 3080 ·
443 3052 589 3120 ΣΩΡΩ.
639 3047 684 3119 In
715 3048 747 3122 6.
764 3053 1022 3121 ΤΗΣΕΤΕΡΑ.
1070 3045 1470 3120 1117.ἰϊθ111111ΣΩΡΩ
1517 3046 1563 3118 In
1584 3046 1616 3118 8.
1634 3050 1825 3119 ΣΣΙῚΛΗΓ
1825 3085 1838 3118 ·,

444 3173 541 3240 ΑΙΜ.
593 3165 750 3264 Propior
782 3191 870 3239 vero
901 3165 1067 3240 Fellows.
1086 3170 1293 3239 ΥΣΓΙΛΗΓ.
1367 3163 1473 3252 Dein,
1503 3163 1543 3237 in
1568 3163 1641 3236 fine
1668 3163 1710 3236 B.
1741 3169 1835 3237 ΜΙΑ·

447 3290 773 3362 ΕΦΑΛΙΣΟΝΤΑΙ.
829 3286 933 3359 1119.
966 3289 1307 3360 ΕΚΔΙΚΙΣΟΥΣΙΝ.
1374 3283 1419 3356 In
1447 3281 1507 3356 fin.
1537 3287 1833 3384 ΝΕΩΠΟΙΟΕΠΙ

445 3418 513 3480 etc.
541 3406 642 3502 quod
659 3407 698 3480 F.
718 3411 948 3481 ΝΕΩΠΥΟΙ.
1003 3405 1123 3480 11110.
1143 3429 1169 3478 s.
1192 3403 1259 3503 (ud
1284 3405 1408 3478 basem
1430 3403 1562 3500 loculi)
1580 3415 1715 3477 cuncte
1735 3415 1836 3478 erant

446 3523 657 3602 difficillima
674 3527 876 3613 enucleetu,
893 3537 935 3600 ut
952 3525 1077 3600 videre
1104 3535 1160 3600 est
1187 3549 1235 3598 ex
1261 3523 1475 3622 apographis
1500 3523 1674 3599 Shersrdi
1700 3537 1738 3598 et
1759 3523 1835 3598 Fel-

444 3643 563 3718 lowsii
596 3669 753 3740 quorum
791 3644 916 3718 sordes
949 3667 1162 3720 coacervare
1195 3645 1401 3744 legentibus
1433 3644 1700 3720 infructuosum
1733 3646 1834 3722 foret

445 3762 656 3838 Notandum
677 3775 732 3837 est
753 3787 879 3837 versus
900 3786 1035 3851 omnes,
1058 3773 1190 3861 praeter
1211 3763 1380 3862 primum,
1405 3764 1443 3836 in
1466 3765 1666 3863 exemplari
1691 3765 1836 3842 Sherur·

448 3882 556 3957 diano
573 3883 762 3980 bipertitos
785 3893 938 3956 exstare.

522 4001 588 4077 Ad
604 4001 714 4076 finem
731 4027 857 4106 uersus
868 4003 976 4101 primi
988 4027 1173 4102 parvoque
1186 4003 1378 4079 intervallo
1391 4005 1526 4079 dissitae
1543 4007 1765 4104 apparebant
1780 4007 1835 4082 lit-

446 4138 533 4199 terae
552 4130 620 4197 ΜΑ
634 4148 716 4220 quae
725 4124 786 4198 vel
802 4124 1005 4200 numerales
1022 4137 1134 4214 erant,
1147 4125 1207 4199 vel
1224 4151 1246 4200 a
1261 4126 1494 4200 marmorario
1511 4126 1708 4202 adnomen
1724 4127 1835 4225 ipsius

486 4322 501 4362 l
516 4325 584 4382 Vol.
595 4341 625 4384 11.
639 4345 667 4404 p.
677 4327 745 4387 533.
759 4327 791 4384 in
804 4325 945 4385 lemmad
957 4345 985 4385 n.
1000 4329 1087 4386 2824.
1206 4327 1220 4366 ‘¹
1235 4327 1303 4387 cod.
1318 4347 1345 4405 p.
1360 4330 1403 4388 18.
1418 4327 1491 4386 Ask.
1506 4343 1525 4387 t.
1540 4331 1587 4394 49.

487 4429 499 4458 ‘
514 4424 701 4496 Discoveries,
716 4438 770 4487 etc.
784 4447 811 4504 p.
823 4427 870 4486 40.
885 4447 914 4486 n.
923 4428 971 4485 41.
1206 4431 1218 4461 ⁸
1234 4425 1302 4485 eod
1316 4445 1345 4484 n.
1357 4427 1403 4484 43.
