3952 5238
173 584 416 665 irascamur]
711 579 1034 648 APHRODISIAS.
1505 589 1567 652 779

168 764 300 843 fuerant,
321 765 427 843 eredo,
449 765 483 829 in
499 787 529 830 v.
545 765 572 828 l.
594 763 789 829 Menandrus
813 769 930 854 (pater)
946 769 1099 841 tractabat
1122 769 1257 835 rationes
1281 771 1413 836 Senatus
1428 770 1562 836 munici-

170 872 257 958 palis,
273 895 410 957 namque
425 895 466 936 ex
490 895 542 935 vv.
564 871 658 936 23-5.
682 883 813 958 apparet
837 871 1006 960 collegium
1029 889 1207 940 senatorum
1232 874 1377 942 habuisse
1397 891 1567 964 proventus

171 980 330 1066 quosdam,
346 1003 398 1044 cx.
414 1003 441 1044 o.
458 1003 500 1043 ex
516 977 606 1066 agris.
662 977 724 1045 cui
739 977 878 1044 officium
894 979 956 1044 fuit
970 980 1083 1046 horum
1101 981 1276 1048 coactiones
1289 981 1451 1047 factitandi
1466 995 1499 1047 et
1513 982 1566 1046 ad·
1666 1052 1672 1065 ¹

171 1085 368 1150 ministrandi
384 1084 580 1150 OEconomus
595 1083 784 1149 dicebaturl.

235 1193 265 1256 6.
291 1189 419 1259 Heldua
434 1220 468 1258 π.
514 1190 615 1254 Erant
628 1211 741 1277 nempe
757 1211 934 1276 puerorum,
950 1189 1139 1256 imberbium
1156 1197 1211 1273 (sc.
1230 1192 1391 1279 dysaules,
1407 1193 1565 1282 ἐφήβων),

173 1298 320 1374 virorum,
345 1296 534 1362 certamina.
581 1294 730 1362 Ceterum
757 1294 810 1360 hic
835 1295 934 1360 forma
959 1293 1114 1360 elimatior
1132 1311 1299 1384 usurpatur
1325 1322 1394 1382 quae
1413 1299 1448 1362 in
1470 1299 1566 1364 altero

172 1402 411 1491 Aphrodisiensi
429 1402 526 1487 (iuter
540 1400 781 1487 Fellowsianos),
799 1402 930 1466 barbare
950 1403 1064 1490 scripta
1078 1401 1212 1467 habetur
1226 1407 1413 1491 πογκρᾶτιν,
1433 1405 1485 1470 cui
1500 1429 1566 1469 rec-

173 1522 238 1572 tum
253 1509 430 1595 πογκρᾶτις
439 1505 671 1591 conquisiverat
685 1504 873 1568 Wienerus⁸.

209 1679 214 1684 .
234 1617 264 1679 9.
286 1613 587 1695 Ἐπετετελεσμέοον.
646 1611 845 1688 Castrorum,
867 1614 923 1676 rite
943 1624 1112 1698 pacatum.
1157 1613 1243 1679 Vide
1262 1629 1370 1680 notam
1390 1615 1425 1680 in
1443 1617 1564 1682 Fascio.

172 1721 275 1808 priore
290 1721 330 1786 de
347 1721 408 1787 hoc
423 1723 538 1786 verbot.
582 1719 790 1808 Appellatum
806 1731 853 1784 est
867 1733 1024 1784 certamen
1038 1720 1164 1784 fortasse
1178 1745 1221 1785 ex
1232 1720 1418 1788 Philemone
1430 1723 1566 1810 quodam

173 1827 226 1912 qui
240 1827 331 1892 ludos
354 1827 592 1912 quadriennales
607 1827 692 1914 apud
710 1825 972 1913 Aphrodisienses
998 1826 1159 1892 inchoasse
1185 1827 1358 1892 censendus
1378 1841 1433 1904 est,
1456 1843 1487 1894 et
1507 1830 1565 1895 hoc

171 1957 225 2018 per
239 1946 470 2012 testamentum,
483 1933 758 2021 utLysimaohusu,
770 1947 803 1998 et
817 1933 903 2020 apud
916 1933 1145 2022 Sagalassenses
1157 1934 1374 2023 Callipianus.
1402 1935 1464 2012 Sic,
1475 1961 1566 2001 num·

172 2039 251 2104 mis'
262 2039 458 2124 juvantibus,
474 2053 674 2106 recensentur
696 2054 829 2124 quatuor
851 2040 918 2104 ludi
933 2040 1206 2128 Aphrodisienses,
1217 2041 1282 2106 scil.
1299 2043 1456 2120 Ἀττάληο
1467 2043 1567 2128 (dicta

173 2161 203 2210 et
221 2148 271 2214 Ἀ.
290 2145 478 2233 Γορδιάνηο,
507 2160 539 2212 et
561 2148 608 2216 Ἀ.
629 2155 665 2213 Γ.
683 2148 894 2228 Kanathra),
917 2149 1153 2234 Οὐαληριᾶνηα,
1174 2148 1372 2237 Λυσιμάχηο,
1396 2162 1429 2213 et
1454 2165 1565 2214 nostra.

173 2252 290 2317 Omisit
304 2252 342 2317 de
357 2252 511 2318 industria
524 2253 558 2317 in
573 2277 702 2318 recensu
717 2278 773 2318 suo
786 2253 949 2320 Biickhius
960 2253 1140 2320 Valeriana.

240 2357 288 2419 16.
314 2363 496 2426 Νεωποιῶν.
540 2355 699 2422 Nimirum
720 2358 916 2444 agonothetae
940 2373 1029 2423 erant
1048 2358 1157 2424 aeditui
1173 2359 1307 2426 Veneris
1330 2383 1402 2426 cum
1422 2359 1564 2448 principe

176 2461 301 2526 illorum
312 2462 457 2528 Antonio
473 2462 634 2528 Carminio
645 2463 790 2552 Agelao;
813 2464 858 2528 sio
880 2463 1010 2530 nomina
1024 2465 1250 2554 Archineopoei
1265 2466 1391 2553 explico
1408 2489 1450 2531 ex
1467 2465 1567 2532 titulis

176 2567 423 2645 Sherardianis¹;
447 2581 479 2633 et
501 2547 545 2648 ᾗ,
570 2569 728 2646 Ποπλίου,
756 2593 796 2634 sc.
819 2568 921 2633 filium
942 2569 1072 2648 Publii;
1106 2595 1178 2637 nam
1205 2571 1244 2638 de
1268 2571 1352 2639 tribu
1381 2571 1566 2660 intelligere,

177 2677 288 2756 Pollia,
302 2679 481 2766 Pomptina,
497 2679 642 2766 Popillia,
659 2680 810 2745 absonum
825 2679 905 2745 foret
919 2705 937 2744 a
950 2681 1027 2746 loco.

238 2787 289 2852 29.
305 2785 426 2863 Ὅστις.
470 2785 552 2862 Hoc,
564 2785 649 2871 quod
663 2785 697 2850 in
712 2809 852 2852 sermone
870 2787 994 2874 puriore
1010 2811 1134 2852 sensum
1148 2787 1427 2855 indeterminatum
1441 2790 1563 2867 habuit,

175 2889 303 2955 definite
317 2903 484 2978 usurpatur
498 2890 532 2954 in
546 2889 856 2978 Aphrodisiensibus‚
872 2905 908 2956 ut
923 2915 964 2956 ex
980 2891 1080 2957 titulis
1094 2892 1216 2977 liquetl.
1571 2887 1574 2896 ’

235 2996 286 3062 De
301 2996 386 3062 tituli
397 2996 582 3084 postecripto
597 3021 650 3060 vv.
663 2997 780 3064 29-35.
797 2997 870 3062 vide
884 2997 961 3064 VV.
977 2996 1044 3062 LL.

805 3209 933 3274 XLIX.

240 3357 268 3418 1.
294 3356 422 3424 Heldua
448 3387 497 3423 στ.
553 3357 638 3423 Vide
664 3357 711 3422 tit.
734 3359 866 3445 praeced
890 3359 930 3424 ad
945 3383 975 3423 v.
997 3361 1026 3438 6,
1049 3383 1172 3424 necnon
1191 3359 1231 3424 de
1253 3360 1411 3426 locutione
1436 3363 1567 3430 ἐπιτελε-

177 3461 279 3529 σθέντι
295 3461 406 3548 tyto,
423 3461 463 3526 nd
474 3485 504 3527 v.
514 3468 544 3530 9.
590 3460 808 3526 Memorantur
819 3477 851 3526 et
865 3461 1084 3528 Philemoniea
1098 3462 1132 3526 in
1141 3462 1253 3528 eodem
1268 3463 1308 3528 ad
1319 3487 1349 3526 v.
1361 3465 1410 3528 10.
1422 3487 1445 3528 s.

205 3717 217 3750 1
234 3709 273 3757 Sic
283 3710 307 3755 in
322 3709 395 3768 Epist.
414 3709 444 3755 ad
461 3709 527 3755 Rom.
541 3707 671 3772 Ἔραστος
683 3707 697 3757 ὁ
709 3707 844 3772 οἰκονόμος
927 3715 937 3740 ¹¹
954 3709 1014 3756 Vide
1025 3710 1051 3759 C.
1062 3709 1132 3758 Inscr.
1144 3723 1171 3758 ιι.
1183 3724 1206 3770 p.
1216 3712 1271 3758 496.
1284 3726 1306 3756 n.
1319 3714 1390 3760 2741.
1405 3715 1442 3759 18.

176 3797 224 3854 τῆς
235 3793 344 3852 πόλεως.
356 3795 386 3841 ad
397 3809 464 3854 quem
481 3795 556 3841 locum
571 3795 629 3842 conl'.
642 3795 730 3842 Elsner.
746 3799 801 3842 tom.
815 3807 842 3842 tr.
926 3801 937 3826 ¹
953 3795 1012 3842 Vide
1023 3795 1108 3842 Fasu'c.
1121 3809 1138 3843 r.
1151 3795 1192 3842 ubl
1203 3809 1264 3856 supr.

174 3897 195 3940 p.
206 3885 244 3929 88.
279 3881 402 3928 Trarrsibat
412 3881 535 3940 appellatio
545 3883 576 3928 ad
587 3881 770 3928 Fcolesiasticosz
791 3880 844 3928 vide
926 3884 941 3910 '
953 3879 1047 3926 Eclrhel.
1056 3878 1102 3926 vol.
1111 3891 1138 3927 ιῐ.
1150 3893 1172 3938 p.
1183 3881 1268 3928 6776
1293 3879 1400 3928 Adscivit
1410 3881 1504 3928 sclua
1516 3881 1564 3928 Va-

174 3969 224 4014 lihr.
237 3981 273 4018 tx.
291 3967 348 4016 eoo
360 3966 470 4016 'llreodpa
479 3967 515 4013 tta
524 3969 562 4014 46.
579 3967 634 4027 Leg-
645 3969 667 4014 8.
895 3965 982 4013 leriam
992 3979 1024 4012 ex
1040 3965 1084 4011 fide
1095 3962 1205 4023 Whelefi,
1219 3965 1273 4012 ltin
1285 3979 1308 4012 n
1319 3967 1350 4014 87

205 4057 215 4084 ¹
232 4052 297 4100 eous.
308 4049 410 4098 Fellows
416 4051 494 4112 Lycia,
506 4064 529 4110 p.
540 4053 594 4098 311.
604 4053 671 4098 nih.
690 4048 780 4100 utem
790 4049 816 4098 C.
826 4049 844 4096 1.
929 4056 941 4081 ¹
957 4051 1017 4097 Vide
1028 4049 1119 4098 Blickh
1131 4051 1171 4098 ubi
1184 4065 1233 4111 sup.
1245 4065 1284 4096 nn.
1297 4052 1368 4098 2782.
1381 4052 1452 4098 8788.
1464 4065 1501 4110 pp.
1513 4053 1566 4099 617.

175 4153 196 4183 ιι.
209 4138 280 4184 2758.
897 4137 950 4182 619.

208 4229 216 4253 ·
234 4220 337 4269 Fellowa
349 4221 403 4267 ibid.
419 4234 441 4280 p.
454 4223 508 4268 816.
528 4221 563 4270 ct
576 4220 666 4270 noctu
679 4222 783 4270 Addeud„
796 4227 843 4268 not
926 4224 936 4258 1
953 4217 1013 4264 Vide
1030 4218 1082 4266 inlr.
1099 4233 1122 4266 u.
1137 4234 1246 4268 nxxvru.
1256 4222 1277 4268 2.
1303 4217 1393 4268 Bdckh.
1405 4235 1428 4268 n
1439 4223 1509 4270 2774.
1529 4225 1565 4269 19.

175 4309 237 4354 adn.
245 4309 317 4355 2810.
329 4306 350 4352 6.
363 4319 386 4352 r.
396 4308 433 4354 14.
445 4311 487 4354 etc
894 4305 989 4353 fortasse
1000 4313 1024 4354 at
1034 4308 1184 4370 ΤηΠὶοοοοι,
1198 4311 1250 4358 intr.
1264 4321 1315 4357 clx.
1326 4312 1347 4355 9.
1383 4309 1566 4372 Sedloeusproe-

207 4393 290 4452 trag.
303 4394 356 4438 111.
369 4391 500 4438 notadtit
512 4405 581 4438 xxxi.
894 4397 975 4452 ruptus
987 4399 1029 4440 eat
