3952 5238
172 588 629 678 mactamur-muru]
735 587 1034 657 BRANCHIDAE.
1508 585 1570 658 333

173 778 210 841 P.
222 777 260 842 C.
280 777 351 842 161.
396 775 552 864 Congruit
577 775 657 840 bene
683 776 867 841 alterutrum
890 799 933 841 ex
956 773 1042 842 hisce
1057 799 1130 842 cum
1145 775 1259 842 Galeni
1279 776 1465 843 testimoniis
1480 791 1512 843 et
1527 777 1566 844 de

175 883 256 948 Veri
271 882 415 948 interituy
429 896 463 948 et
476 881 600 948 medico
615 881 868 970 Aphrodisiensi.

242 989 294 1053 10.
318 988 582 1074 Πεπλακιομὲνος.
627 987 718 1053 Cous.
735 987 813 1054 VV.
829 987 895 1052 LL.
911 999 943 1054 et
957 1001 1021 1053 not.
1038 1011 1121 1076 supr.
1134 1009 1275 1052 Lxxvlll.
1293 991 1321 1052 1.
1352 987 1568 1055 Formaelitte·

175 1117 283 1158 rarum
299 1117 388 1182 paene
403 1092 546 1158 evanidae
561 1093 650 1160 fectae
665 1093 751 1160 fuere
766 1094 801 1160 in
823 1094 883 1160 hac
902 1107 991 1182 parte
1005 1093 1167 1158 marmoris
1182 1093 1234 1158 vel
1248 1093 1283 1158 in
1300 1093 1448 1159 Sherardi
1468 1109 1567 1171 aetate,

176 1199 263 1284 quod
278 1222 321 1264 ex
336 1197 478 1264 sordibus
493 1199 561 1285 ejus
575 1199 723 1288 colligere
749 1199 855 1288 possis.
901 1198 1049 1287 Cogitavi
1063 1199 1141 1286 ipse,
1154 1200 1230 1264 dum
1250 1199 1466 1288 inspiciebam,
1482 1215 1514 1266 et
1529 1203 1568 1268 de

176 1305 395 1392 ulaxuptvac,
418 1303 585 1371 intervallo
605 1329 778 1394 permenso,
794 1305 846 1371 vel
866 1304 960 1371 etiam
983 1304 1177 1383 πλακώδεας,
1202 1319 1239 1370 ut
1264 1306 1440 1383 πλακώσεις
1454 1307 1569 1372 intelli-

176 1423 304 1498 gantur,
333 1421 438 1476 mrtstoe
462 1413 603 1498 lapidem,
629 1411 669 1476 de
706 1411 820 1498 quibus
856 1411 976 1477 mentio
1010 1410 1047 1475 fit
1080 1410 1152 1474 inlr.
1178 1431 1299 1476 ccxxn.
1356 1411 1406 1476 De
1431 1412 1570 1477 Biiclrhii

176 1514 355 1591 πλακίνοος
378 1513 490 1578 dubito
514 1537 554 1578 an
579 1513 678 1601 recipi
700 1527 803 1601 potest
825 1514 919 1579 salvis
943 1514 1064 1579 Musis:
1087 1527 1170 1580 certe
1196 1515 1377 1601 hujusmodi
1403 1516 1568 1602 adjectiva,

176 1622 295 1697 λάϊνος
322 1619 461 1698 λίθινος,
486 1619 667 1697 alluditur,
691 1632 765 1684 sunt
785 1619 901 1698 omnia,
926 1620 1032 1706 qualia
1055 1620 1175 1698 dieunt,
1198 1623 1292 1685 trium
1314 1624 1567 1702 terminationem,

178 1726 258 1791 adeo
273 1738 319 1801 ut,
334 1723 394 1790 hac
408 1724 627 1791 emendatione
643 1725 793 1803 adhibita,
808 1726 978 1814 confugere
993 1740 1117 1814 oportet
1140 1726 1180 1791 ad
1203 1726 1474 1806 consuetudinem,
1490 1729 1572 1793 sicut

178 1857 249 1902 eam
265 1833 447 1900 Atticorum
469 1857 488 1898 a
510 1832 687 1898 Matthiaeo·
701 1846 850 1898 notatam.
896 1831 960 1898 Sed
983 1855 1092 1897 vocem
1116 1855 1181 1896 non
1204 1831 1391 1919 ignorabant
1405 1831 1519 1912 Graeci,
1535 1847 1572 1898 ut

178 1939 402 2029 comprobatur
414 1961 456 2004 ex
470 1936 664 2003 Analectis⁸:
681 1935 813 2023 Ὀσπρι’
828 1940 877 2002 ἐπὶ
892 1935 1049 2002 πλακῖνου
1064 1933 1149 2001 τοῦδ’
1165 1932 1250 2001 ἔθετο
1265 1931 1426 2020 τρίποδος.

811 2183 991 2249 LXXXV.

248 2327 276 2390 1.
300 2326 441 2404 Πλάτας.
486 2325 573 2391 Vide
588 2338 652 2390 not.
669 2324 710 2390 ad
723 2347 863 2392 uxvm.
876 2329 904 2391 l.
948 2326 1156 2393 Intervallum
1171 2326 1300 2414 explevi
1322 2327 1363 2393 ud
1385 2326 1440 2390 fin.
1456 2339 1488 2392 et
1502 2326 1572 2392 init.

180 2458 211 2497 v.
228 2457 293 2519 seq.
308 2457 365 2521 per
378 2435 598 2520 Ἀριστίππου,
616 2431 670 2497 sed
685 2431 815 2498 minime
826 2445 938 2498 certus
982 2431 1113 2497 Adrasti
1127 2455 1243 2497 nornen
1257 2432 1449 2521 conspicitur
1462 2432 1574 2520 saepius

179 2540 214 2604 in
229 2537 532 2626 Aphrodisiensibus
547 2549 580 2604 et
591 2537 728 2602 nummis
742 2551 775 2602 et
785 2537 895 2602 titulis.

248 2654 278 2716 l.
302 2655 392 2728 Υῖοῦ,
409 2651 443 2716 in
457 2673 566 2716 marm.
578 2643 691 2713 ΥΟΥ.
741 2648 791 2714 De
802 2648 862 2714 hac
876 2649 984 2726 forma,
1001 2671 1095 2734 quam
1110 2650 1248 2738 appellat
1259 2650 1425 2716 Passovius
1441 2659 1461 2688 “
1477 2674 1575 2737 unge·

180 2757 392 2835 briiuchlich,”
406 2755 506 2822 fusius
523 2771 687 2826 notaverat
701 2759 759 2826 sub
774 2763 844 2837 υἱός
863 2772 900 2825 ut
915 2762 1085 2846 sequiturl‘:
1109 2764 1178 2832 Der
1198 2767 1379 2852 voryetttcte
1403 2765 1468 2830 Ati.
1494 2791 1574 2830 nom.

180 2867 240 2941 ὑός
269 2865 345 2928 ater
371 2863 482 2929 actum
506 2865 582 2930 tlon
618 2867 682 2932 eine
707 2865 1093 2956 Gummuitmrfindunq
1121 2895 1160 2935 zu
1193 2897 1272 2958 crya,
1302 2875 1350 2936 die
1378 2874 1427 2938 nie
1458 2875 1491 2937 in
1518 2876 1576 2938 den

183 2973 453 3061 Sproclyebraueli
467 2972 548 3052 kam,
563 2975 694 3059 otybtct
704 2975 746 3040 eie
756 2973 817 3039 Ast
829 2975 944 3040 neuliclt
958 2976 1186 3066 lineiobot'ngen
1196 2980 1298 3045 wollte.
1342 2979 1445 3064 Atqui
1459 2981 1574 3066 reperi·

181 3103 253 3144 mus
267 3081 499 3170 comprobatam
514 3103 570 3168 per
584 3080 687 3146 varios
702 3080 809 3146 titulos
823 3080 909 3146 Astii
925 3081 1108 3149 doctrinam.

778 3332 976 3400 LXXXVI.

251 3481 279 3543 1.
301 3477 622 3564 Ἀνοπληρωθένπων.
669 3477 778 3543 Sermo
801 3489 847 3543 est
870 3476 909 3542 de
924 3477 1111 3542 caerimoniis
1126 3477 1282 3544 observari
1308 3477 1417 3558 solitis,
1432 3493 1469 3545 ut
1488 3493 1519 3546 et
1534 3481 1572 3546 de

182 3583 378 3673 reparatione
403 3583 518 3648 aedium
537 3606 693 3649 sacrarum
714 3582 754 3648 ad
774 3582 897 3648 exitum
919 3582 1079 3670 perducta.
1124 3583 1184 3647 Hae
1202 3583 1283 3649 aedes
1308 3597 1397 3649 erant
1421 3585 1572 3651 Branchi-

183 3691 307 3755 darum⁰
321 3713 376 3756 seu
389 3689 551 3778 Apollinis
578 3688 738 3776 Didymaei
764 3689 853 3774 cujus
876 3688 978 3755 cultus
1001 3688 1133 3778 insignis
1158 3702 1225 3755 erat
1247 3689 1333 3776 apud
1357 3689 1507 3770 Milesios,
1529 3716 1572 3756 ex

214 3975 224 4008 5
243 3967 337 4016 Faelrbel
349 3967 395 4014 vol
404 3981 451 4014 vu.
463 3981 485 4026 p.
496 3969 533 4014 94.
544 3981 564 4012 a
902 3969 972 4010 noem.
984 3969 1007 4009 et
1026 3963 1050 4008 in
1069 3961 1155 4008 Libello
1176 3961 1256 4020 priore,
1274 3975 1297 4007 u.
1310 3974 1364 4008 xiv.
1378 3963 1407 4019 2.,
1425 3963 1571 4020 probabiliter

214 4058 224 4082 ¹
240 4051 299 4098 Vide
308 4051 348 4100 Gr.
359 4049 462 4098 Granum.
475 4050 496 4109 i.
507 4051 559 4096 118.
577 4049 632 4096 Oba
646 4050 668 4096 fl.
902 4045 996 4102 saltem3
1013 4043 1212 4092 confutetur.
1231 4059 1254 4092 n.
1266 4046 1338 4092 219³.
1372 4045 1425 4092 Pari
1444 4047 1531 4094 ratione
1547 4057 1571 4096 et

214 4138 293 4184 *Vra
303 4137 405 4184 Brunclr.
418 4135 499 4184 volu.
512 4137 550 4183 80.
902 4127 1002 4187 Ὑωνός,
1015 4129 1039 4175 in
1050 4129 1148 4176 ideonio
1159 4135 1229 4177 nostr.
1242 4142 1339 4177 cuxxn.
1352 4133 1375 4177 4.

213 4221 417 4271 '’Handwiirterb.
429 4223 470 4270 der
488 4221 688 4282 Gr.Spr.vol11.
707 4235 732 4280 p.
744 4223 813 4268 1215.
825 4222 848 4268 b
931 4221 941 4246 ²
958 4214 1023 4263 Conl.
1041 4213 1150 4262 Herodot.
1166 4229 1184 4262 1.
1201 4217 1239 4262 92.
1251 4221 1274 4261 et
1291 4221 1379 4264 annott
1399 4215 1568 4280 Schweigbiue

179 4309 275 4356 Excitet
290 4309 383 4356 Pasaov.
396 4307 494 4355 lobeck.
513 4307 543 4353 ad
559 4307 683 4368 Phrynieh.
699 4321 721 4366 p
732 4309 771 4354 40.
805 4305 850 4354 Sed
899 4301 991 4347 inloto:
1009 4301 1064 4347 ibid.
1078 4302 1132 4347 158.
1166 4299 1241 4348 strab.
1257 4313 1311 4346 xrv.
1327 4303 1347 4347 1.
1359 4314 1381 4360 p.
1392 4301 1445 4348 165.
1458 4301 1484 4348 Τ.
1507 4303 1568 4351 Plin.

178 4392 241 4439 tituli
257 4391 350 4451 plurimi
369 4391 528 4438 sdveraantnr:
546 4403 583 4437 ex.
600 4403 619 4436 c.
632 4401 764 4436 ccxxxvrr.
782 4391 801 4435 1.
819 4402 850 4434 ex
900 4399 925 4432 v,
938 4386 976 4432 81.
991 4387 1012 4432 1.
1024 4383 1118 4442 Melam,
1133 4398 1148 4432 ι.
1160 4387 1196 4432 17.
