<?xml version="1.0" encoding="UTF-8"?>
<!DOCTYPE html PUBLIC "-//W3C//DTD XHTML 1.0 Transitional//EN"
    "http://www.w3.org/TR/xhtml1/DTD/xhtml1-transitional.dtd">
<html xmlns="http://www.w3.org/1999/xhtml" xml:lang="en" lang="en">
 <head>
  <title>
</title>
<meta http-equiv="Content-Type" content="text/html;charset=utf-8" />
  <meta name='ocr-system' content='tesseract 3.04.00' />
  <meta name='ocr-capabilities' content='ocr_page ocr_carea ocr_par ocr_line ocrx_word'/>
</head>
<body>
  <div class='ocr_page' id='page_1' title='image "./fasciculusinscr01kenngoog_0033.png"; bbox 0 0 4004 5264; ppageno 0'>
   <div class='ocr_carea' id='block_1_1' title="bbox 428 557 1815 646">
    <p class='ocr_par' dir='ltr' id='par_1_1' title="bbox 428 557 1815 646">
     <span class='ocr_line' id='line_1_1' title="bbox 428 557 1815 646; baseline -0.002 -21"><span class='ocrx_word' id='word_1_1' title='bbox 428 563 469 625; x_wconf 77' lang='lat'>22</span> <span class='ocrx_word' id='word_1_2' title='bbox 837 557 1190 624; x_wconf 86' lang='lat' dir='ltr'>INSCRIPTIONES</span> <span class='ocrx_word' id='word_1_3' title='bbox 1212 557 1405 624; x_wconf 85' lang='lat' dir='ltr'><strong>GRAECAE.</strong></span> <span class='ocrx_word' id='word_1_4' title='bbox 1593 559 1711 646; x_wconf 74' lang='lat' dir='ltr'>[mscn.</span> <span class='ocrx_word' id='word_1_5' title='bbox 1730 581 1815 624; x_wconf 81' lang='lat' dir='ltr'>xm.</span> 
     </span>
    </p>
   </div>
   <div class='ocr_carea' id='block_1_2' title="bbox 427 745 1818 1084">
    <p class='ocr_par' dir='ltr' id='par_1_2' title="bbox 427 745 1818 1084">
     <span class='ocr_line' id='line_1_2' title="bbox 504 745 1818 846; baseline -0.002 -23"><span class='ocrx_word' id='word_1_6' title='bbox 504 749 753 846; x_wconf 78' lang='lat' dir='ltr'>Inscriptionjs</span> <span class='ocrx_word' id='word_1_7' title='bbox 766 748 917 844; x_wconf 84' lang='lat' dir='ltr'><strong>hujusce</strong></span> <span class='ocrx_word' id='word_1_8' title='bbox 931 747 1178 845; x_wconf 78' lang='lat' dir='ltr'>apographum</span> <span class='ocrx_word' id='word_1_9' title='bbox 1195 771 1312 844; x_wconf 84' lang='lat' dir='ltr'><strong>nuper</strong></span> <span class='ocrx_word' id='word_1_10' title='bbox 1328 745 1419 820; x_wconf 88' lang='lat' dir='ltr'>mihi</span> <span class='ocrx_word' id='word_1_11' title='bbox 1435 745 1588 845; x_wconf 80' lang='lat' dir='ltr'><strong>contigit</strong></span> <span class='ocrx_word' id='word_1_12' title='bbox 1599 746 1723 820; x_wconf 82' lang='lat' dir='ltr'>videre</span> <span class='ocrx_word' id='word_1_13' title='bbox 1735 750 1818 821; x_wconf 88' lang='lat' dir='ltr'>Bor·</span> 
     </span>
     <span class='ocr_line' id='line_1_3' title="bbox 427 867 1818 968; baseline 0 -26"><span class='ocrx_word' id='word_1_14' title='bbox 427 869 617 942; x_wconf 86' lang='lat' dir='ltr'>rellianum</span> <span class='ocrx_word' id='word_1_15' title='bbox 637 870 676 944; x_wconf 91' lang='lat' dir='ltr'>in</span> <span class='ocrx_word' id='word_1_16' title='bbox 697 893 770 966; x_wconf 92' lang='lat' dir='ltr'>quo</span> <span class='ocrx_word' id='word_1_17' title='bbox 793 870 911 942; x_wconf 85' lang='lat' dir='ltr'>obviae</span> <span class='ocrx_word' id='word_1_18' title='bbox 931 867 1199 968; x_wconf 79' lang='lat' dir='ltr'>discrepantioe3</span> <span class='ocrx_word' id='word_1_19' title='bbox 1227 894 1274 943; x_wconf 83' lang='lat' dir='ltr'>sc.</span> <span class='ocrx_word' id='word_1_20' title='bbox 1292 870 1331 943; x_wconf 92' lang='lat' dir='ltr'>in</span> <span class='ocrx_word' id='word_1_21' title='bbox 1348 896 1380 942; x_wconf 89' lang='lat' dir='ltr'>v.</span> <span class='ocrx_word' id='word_1_22' title='bbox 1395 874 1427 942; x_wconf 78' lang='lat'>2.</span> <span class='ocrx_word' id='word_1_23' title='bbox 1445 875 1525 944; x_wconf 94' lang='grc' dir='ltr'>ΤΟ.</span> <span class='ocrx_word' id='word_1_24' title='bbox 1550 869 1589 942; x_wconf 92' lang='lat' dir='ltr'>in</span> <span class='ocrx_word' id='word_1_25' title='bbox 1607 870 1639 942; x_wconf 88' lang='lat'>6.</span> <span class='ocrx_word' id='word_1_26' title='bbox 1657 875 1818 942; x_wconf 86' lang='grc' dir='ltr'>ΤΕΤΡΑ-</span> 
     </span>
     <span class='ocr_line' id='line_1_4' title="bbox 430 985 1816 1084; baseline -0.002 -23"><span class='ocrx_word' id='word_1_27' title='bbox 430 993 663 1062; x_wconf 85' lang='grc' dir='ltr'>ΕΤΕΡΙΔΟΣ.</span> <span class='ocrx_word' id='word_1_28' title='bbox 673 988 710 1061; x_wconf 92' lang='lat' dir='ltr'>in</span> <span class='ocrx_word' id='word_1_29' title='bbox 722 991 1123 1074; x_wconf 76' lang='grc' dir='ltr'>7.ΑΦΡοΔΕΙΣΙΗΩΝ,</span> <span class='ocrx_word' id='word_1_30' title='bbox 1133 985 1234 1083; x_wconf 90' lang='lat' dir='ltr'>quod</span> <span class='ocrx_word' id='word_1_31' title='bbox 1244 986 1330 1060; x_wconf 82' lang='lat' dir='ltr'><strong>satis</strong></span> <span class='ocrx_word' id='word_1_32' title='bbox 1341 986 1504 1084; x_wconf 89' lang='lat' dir='ltr'><strong>probum.</strong></span> <span class='ocrx_word' id='word_1_33' title='bbox 1528 986 1816 1060; x_wconf 70' lang='grc' dir='ltr'>ΙιιΙῖΣΗΛΟΥ.</span> 
     </span>
    </p>
   </div>
   <div class='ocr_carea' id='block_1_3' title="bbox 857 1246 1342 3570">
    <p class='ocr_par' dir='ltr' id='par_1_3' title="bbox 857 1246 1342 3570">
     <span class='ocr_line' id='line_1_5' title="bbox 956 1246 1283 1314; baseline 0 -2"><span class='ocrx_word' id='word_1_34' title='bbox 956 1246 1283 1314; x_wconf 86' lang='grc' dir='ltr'>ΠΑΙΔΩΝΣΤΑΔΙ</span> 
     </span>
     <span class='ocr_line' id='line_1_6' title="bbox 954 1357 1292 1426; baseline 0 0"><span class='ocrx_word' id='word_1_35' title='bbox 954 1357 1292 1426; x_wconf 88' lang='grc' dir='ltr'>ΟΝΤΩΕΠΙΤΕΛΕ</span> 
     </span>
     <span class='ocr_line' id='line_1_7' title="bbox 956 1471 1276 1540; baseline -0.003 -1"><span class='ocrx_word' id='word_1_36' title='bbox 956 1471 1276 1540; x_wconf 82' lang='grc' dir='ltr'><strong>ΣΘΕΝΤΙΑΓΩΝΙ</strong></span> 
     </span>
     <span class='ocr_line' id='line_1_8' title="bbox 953 1584 1212 1652; baseline 0.004 -2"><span class='ocrx_word' id='word_1_37' title='bbox 953 1584 1212 1652; x_wconf 86' lang='grc' dir='ltr'>ΤΗΣΠΕΝΤΕ</span> 
     </span>
     <span class='ocr_line' id='line_1_9' title="bbox 880 1695 1249 1764; baseline 0.005 -2"><span class='ocrx_word' id='word_1_38' title='bbox 880 1695 901 1762; x_wconf 86' lang='grc'><em>5</em></span> <span class='ocrx_word' id='word_1_39' title='bbox 955 1697 1249 1764; x_wconf 80' lang='grc' dir='ltr'>ΚΑΙΔΕΚΑΤΗΣ</span> 
     </span>
     <span class='ocr_line' id='line_1_10' title="bbox 952 1808 1342 1878; baseline 0 0"><span class='ocrx_word' id='word_1_40' title='bbox 952 1808 1342 1878; x_wconf 85' lang='grc' dir='ltr'>ΤΕΤΡΑΕΤΗΡΙΔΟΣ</span> 
     </span>
     <span class='ocr_line' id='line_1_11' title="bbox 953 1921 1292 1992; baseline 0 -2"><span class='ocrx_word' id='word_1_41' title='bbox 953 1921 1292 1992; x_wconf 78' lang='grc' dir='ltr'>ΑΦΡΟΔΕΙΣΙΕΩΝ</span> 
     </span>
     <span class='ocr_line' id='line_1_12' title="bbox 953 2033 1298 2105; baseline -0.006 0"><span class='ocrx_word' id='word_1_42' title='bbox 953 2033 1298 2105; x_wconf 77' lang='grc' dir='ltr'>ΦΙΛΗΜΟΝΙΗΩΝ</span> 
     </span>
     <span class='ocr_line' id='line_1_13' title="bbox 954 2147 1315 2216; baseline -0.003 -1"><span class='ocrx_word' id='word_1_43' title='bbox 954 2149 1014 2215; x_wconf 84' lang='grc' dir='ltr'>ΑΓ</span> <span class='ocrx_word' id='word_1_44' title='bbox 1012 2147 1315 2216; x_wconf 86' lang='grc' dir='ltr'><strong>ΩΝΟΘΕΤΟΥΝ</strong></span> 
     </span>
     <span class='ocr_line' id='line_1_14' title="bbox 857 2258 1265 2328; baseline -0.002 0"><span class='ocrx_word' id='word_1_45' title='bbox 857 2258 902 2328; x_wconf 92' lang='grc'>10</span> <span class='ocrx_word' id='word_1_46' title='bbox 952 2261 1265 2328; x_wconf 84' lang='grc' dir='ltr'><strong>ΤΩΝΤΩΝΠΕΡΙ</strong></span> 
     </span>
     <span class='ocr_line' id='line_1_15' title="bbox 956 2371 1323 2441; baseline 0 -2"><span class='ocrx_word' id='word_1_47' title='bbox 956 2371 1323 2441; x_wconf 89' lang='grc' dir='ltr'>ΙΟΥΛΙΟΝΑΥΡΗΛΙ</span> 
     </span>
     <span class='ocr_line' id='line_1_16' title="bbox 953 2485 1290 2554; baseline -0.006 0"><span class='ocrx_word' id='word_1_48' title='bbox 953 2485 1290 2554; x_wconf 87' lang='grc' dir='ltr'>ΟΝΖΗΛΟΥΑΡΧΙ</span> 
     </span>
     <span class='ocr_line' id='line_1_17' title="bbox 957 2598 1277 2667; baseline 0.003 -2"><span class='ocrx_word' id='word_1_49' title='bbox 957 2598 1277 2667; x_wconf 82' lang='grc' dir='ltr'>ΕΡΕΩΣΥΙΟΝΧΑ</span> 
     </span>
     <span class='ocr_line' id='line_1_18' title="bbox 955 2711 1278 2780; baseline 0.006 -2"><span class='ocrx_word' id='word_1_50' title='bbox 955 2711 1278 2780; x_wconf 85' lang='grc' dir='ltr'><strong>ΡΙΔΗΜΟΝΝΕΩ</strong></span> 
     </span>
     <span class='ocr_line' id='line_1_19' title="bbox 858 2821 1311 2893; baseline 0.007 -3"><span class='ocrx_word' id='word_1_51' title='bbox 858 2821 902 2890; x_wconf 88' lang='grc'>15</span> <span class='ocrx_word' id='word_1_52' title='bbox 958 2823 1311 2893; x_wconf 84' lang='grc' dir='ltr'>ΠΟΙΩΝΤΗΝΔΕΑ</span> 
     </span>
     <span class='ocr_line' id='line_1_20' title="bbox 956 2936 1296 3006; baseline 0.003 -3"><span class='ocrx_word' id='word_1_53' title='bbox 956 2936 1296 3006; x_wconf 82' lang='grc' dir='ltr'>ΝΑΠΑΣΙΝΤΟΥ</span> 
     </span>
     <span class='ocr_line' id='line_1_21' title="bbox 954 3049 1264 3118; baseline 0 -1"><span class='ocrx_word' id='word_1_54' title='bbox 954 3049 1264 3118; x_wconf 84' lang='grc' dir='ltr'>ΑΝΔΡΙΑΝΤΟΣ</span> 
     </span>
     <span class='ocr_line' id='line_1_22' title="bbox 958 3161 1312 3232; baseline 0 -2"><span class='ocrx_word' id='word_1_55' title='bbox 958 3161 1312 3232; x_wconf 86' lang='grc' dir='ltr'>ΠΟΙΗΣΑΜΕΝΟΥ</span> 
     </span>
     <span class='ocr_line' id='line_1_23' title="bbox 958 3274 1299 3343; baseline 0.003 -1"><span class='ocrx_word' id='word_1_56' title='bbox 958 3274 1299 3343; x_wconf 86' lang='grc' dir='ltr'>ΙΟΥΛΙΟΥΚΡΑΤΕ</span> 
     </span>
     <span class='ocr_line' id='line_1_24' title="bbox 857 3383 1243 3456; baseline 0.005 -2"><span class='ocrx_word' id='word_1_57' title='bbox 857 3383 904 3454; x_wconf 81' lang='lat'>20</span> <span class='ocrx_word' id='word_1_58' title='bbox 957 3386 1243 3456; x_wconf 88' lang='grc' dir='ltr'>ΡΟΥΠΑΤΡΟΣ</span> 
     </span>
     <span class='ocr_line' id='line_1_25' title="bbox 1037 3499 1199 3570; baseline -0.006 -2"><span class='ocrx_word' id='word_1_59' title='bbox 1037 3499 1199 3570; x_wconf 85' lang='grc' dir='ltr'>ΑΥΤΟΥ</span> 
     </span>
    </p>
   </div>
   <div class='ocr_carea' id='block_1_4' title="bbox 433 3658 1821 3770">
    <p class='ocr_par' dir='ltr' id='par_1_4' title="bbox 433 3658 1821 3770">
     <span class='ocr_line' id='line_1_26' title="bbox 433 3658 1821 3770; baseline 0.004 -28"><span class='ocrx_word' id='word_1_60' title='bbox 433 3664 480 3742; x_wconf 70' lang='grc' dir='ltr'><strong>Ἠ</strong></span> <span class='ocrx_word' id='word_1_61' title='bbox 496 3658 623 3762; x_wconf 89' lang='grc' dir='ltr'>Βονλὴ</span> <span class='ocrx_word' id='word_1_62' title='bbox 639 3662 814 3761; x_wconf 83' lang='grc' dir='ltr'>ἐτίμησεν</span> <span class='ocrx_word' id='word_1_63' title='bbox 829 3658 894 3741; x_wconf 80' lang='grc' dir='ltr'>τὸν</span> <span class='ocrx_word' id='word_1_64' title='bbox 914 3666 1028 3758; x_wconf 86' lang='grc' dir='ltr'>δεῖνα,</span> <span class='ocrx_word' id='word_1_65' title='bbox 1044 3659 1125 3742; x_wconf 82' lang='grc' dir='ltr'>υἱὸν</span> <span class='ocrx_word' id='word_1_66' title='bbox 1139 3671 1205 3742; x_wconf 83' lang='grc' dir='ltr'>τοῦ</span> <span class='ocrx_word' id='word_1_67' title='bbox 1219 3667 1426 3767; x_wconf 84' lang='grc' dir='ltr'>Κρατεροῦ,</span> <span class='ocrx_word' id='word_1_68' title='bbox 1441 3661 1644 3764; x_wconf 86' lang='grc' dir='ltr'>νικήσαντα</span> <span class='ocrx_word' id='word_1_69' title='bbox 1664 3661 1821 3770; x_wconf 72' lang='grc' dir='ltr'>ἐνδόξως</span> 
     </span>
    </p>
   </div>
   <div class='ocr_carea' id='block_1_5' title="bbox 433 3791 1823 4429">
    <p class='ocr_par' dir='ltr' id='par_1_5' title="bbox 433 3791 1820 3901">
     <span class='ocr_line' id='line_1_27' title="bbox 433 3791 1820 3901; baseline 0 -25"><span class='ocrx_word' id='word_1_70' title='bbox 433 3797 574 3876; x_wconf 84' lang='grc' dir='ltr'>παίδων</span> <span class='ocrx_word' id='word_1_71' title='bbox 594 3791 750 3874; x_wconf 82' lang='grc' dir='ltr'>στάδιον</span> <span class='ocrx_word' id='word_1_72' title='bbox 769 3795 820 3901; x_wconf 72' lang='grc' dir='ltr'>τῷ</span> <span class='ocrx_word' id='word_1_73' title='bbox 841 3793 1117 3873; x_wconf 78' lang='grc' dir='ltr'>ἐπιτελεσθέντι</span> <span class='ocrx_word' id='word_1_74' title='bbox 1136 3795 1251 3895; x_wconf 81' lang='grc' dir='ltr'>ἀγῶνι</span> <span class='ocrx_word' id='word_1_75' title='bbox 1270 3797 1335 3893; x_wconf 77' lang='grc' dir='ltr'>τῆς</span> <span class='ocrx_word' id='word_1_76' title='bbox 1353 3791 1679 3896; x_wconf 67' lang='grc' dir='ltr'>πεντεκαιδεκάτης</span> <span class='ocrx_word' id='word_1_77' title='bbox 1693 3831 1820 3901; x_wconf 84' lang='grc' dir='ltr'>τετρα-</span> 
     </span>
    </p>

    <p class='ocr_par' dir='ltr' id='par_1_6' title="bbox 435 3925 1822 4034">
     <span class='ocr_line' id='line_1_28' title="bbox 435 3925 1822 4034; baseline -0.002 -25"><span class='ocrx_word' id='word_1_78' title='bbox 435 3931 602 4034; x_wconf 74' lang='grc' dir='ltr'>ετηρίδος</span> <span class='ocrx_word' id='word_1_79' title='bbox 629 3925 910 4034; x_wconf 78' lang='grc' dir='ltr'>Ἀφροδισιέων</span> <span class='ocrx_word' id='word_1_80' title='bbox 941 3927 1215 4029; x_wconf 82' lang='grc' dir='ltr'>Φιλημονιήων·</span> <span class='ocrx_word' id='word_1_81' title='bbox 1261 3925 1591 4030; x_wconf 76' lang='grc' dir='ltr'>ἀγωνοθετούντων</span> <span class='ocrx_word' id='word_1_82' title='bbox 1628 3933 1702 4008; x_wconf 82' lang='grc' dir='ltr'>τῶν</span> <span class='ocrx_word' id='word_1_83' title='bbox 1738 3931 1822 4032; x_wconf 83' lang='grc' dir='ltr'>περὶ</span> 
     </span>
    </p>

    <p class='ocr_par' dir='ltr' id='par_1_7' title="bbox 433 4057 1821 4166">
     <span class='ocr_line' id='line_1_29' title="bbox 433 4057 1821 4166; baseline -0.001 -25"><span class='ocrx_word' id='word_1_84' title='bbox 433 4059 595 4141; x_wconf 80' lang='grc' dir='ltr'>Ἰούλιον</span> <span class='ocrx_word' id='word_1_85' title='bbox 618 4058 823 4163; x_wconf 80' lang='grc' dir='ltr'>Αὐρήλιον,</span> <span class='ocrx_word' id='word_1_86' title='bbox 858 4059 985 4162; x_wconf 83' lang='grc' dir='ltr'>Ζήλου</span> <span class='ocrx_word' id='word_1_87' title='bbox 1016 4061 1213 4166; x_wconf 73' lang='grc' dir='ltr'>ἀρχιερέως</span> <span class='ocrx_word' id='word_1_88' title='bbox 1248 4057 1340 4158; x_wconf 82' lang='grc' dir='ltr'>υἱόν,</span> <span class='ocrx_word' id='word_1_89' title='bbox 1374 4062 1594 4164; x_wconf 85' lang='grc' dir='ltr'>Χαρίδημον</span> <span class='ocrx_word' id='word_1_90' title='bbox 1626 4062 1821 4156; x_wconf 81' lang='grc' dir='ltr'>νεωποιῶν,</span> 
     </span>
    </p>

    <p class='ocr_par' dir='ltr' id='par_1_8' title="bbox 434 4188 1823 4429">
     <span class='ocr_line' id='line_1_30' title="bbox 434 4188 1823 4299; baseline 0.001 -27"><span class='ocrx_word' id='word_1_91' title='bbox 434 4189 503 4294; x_wconf 82' lang='grc' dir='ltr'>τὴν</span> <span class='ocrx_word' id='word_1_92' title='bbox 527 4189 567 4270; x_wconf 78' lang='grc' dir='ltr'>δὲ</span> <span class='ocrx_word' id='word_1_93' title='bbox 598 4188 811 4272; x_wconf 75' lang='grc' dir='ltr'>ἀνάστασιν</span> <span class='ocrx_word' id='word_1_94' title='bbox 841 4201 907 4272; x_wconf 85' lang='grc' dir='ltr'>τοῦ</span> <span class='ocrx_word' id='word_1_95' title='bbox 931 4191 1148 4296; x_wconf 74' lang='grc' dir='ltr'>ἀνδριάντος</span> <span class='ocrx_word' id='word_1_96' title='bbox 1177 4193 1435 4294; x_wconf 78' lang='grc' dir='ltr'>ποιησαμένου</span> <span class='ocrx_word' id='word_1_97' title='bbox 1452 4191 1613 4274; x_wconf 87' lang='grc' dir='ltr'>Ἰουλίου</span> <span class='ocrx_word' id='word_1_98' title='bbox 1630 4199 1823 4299; x_wconf 83' lang='grc' dir='ltr'>Κρατεροῦ</span> 
     </span>
     <span class='ocr_line' id='line_1_31' title="bbox 984 4322 1270 4429; baseline 0 -25"><span class='ocrx_word' id='word_1_99' title='bbox 984 4322 1125 4429; x_wconf 81' lang='grc' dir='ltr'>πατρὸς</span> <span class='ocrx_word' id='word_1_100' title='bbox 1144 4326 1270 4406; x_wconf 81' lang='grc' dir='ltr'>αὐτοῦ.</span> 
     </span>
    </p>
   </div>
   <div class='ocr_carea' id='block_1_6' title="bbox 0 0 2006 5264">
    <p class='ocr_par' dir='ltr' id='par_1_9' title="bbox 0 0 2006 5264">
     <span class='ocr_line' id='line_1_32' title="bbox 0 0 2006 5264; baseline 0 0"><span class='ocrx_word' id='word_1_101' title='bbox 0 0 2006 5264; x_wconf 95' lang='lat' dir='ltr'> </span> 
     </span>
    </p>
   </div>
  </div>
 </body>
</html>
