3992 5240
175 637 284 682 rusca.
300 613 400 702 cura]
816 611 944 680 Tuos.
1516 623 1580 689 129

169 805 269 879 male
279 803 404 878 habita
418 801 615 901 superficie,
629 825 775 898 prorsus
793 801 931 877 deleta.
983 803 1067 876 Hoc
1079 802 1224 878 videtur
1237 808 1522 882 contrectatione
1538 822 1576 886 et

173 925 307 1000 attritu
323 922 505 998 accidisse.
557 921 734 1020 Lapidem
760 948 870 1020 porro
887 921 998 998 fuisse
1015 924 1062 998 ab
1079 923 1269 1022 opificibus
1287 925 1333 998 ad
1351 951 1438 1000 usus
1454 927 1575 1001 balne-

172 1045 273 1118 arios
289 1043 465 1118 caedendo
483 1043 793 1118 accommodatum
819 1044 1007 1142 probabile
1025 1058 1089 1132 est,
1108 1069 1191 1118 nam
1209 1071 1293 1144 pars
1312 1047 1477 1143 superior
1495 1073 1576 1144 quae

171 1163 370 1263 complexa
386 1175 442 1237 est
459 1163 611 1237 exordia
627 1163 765 1238 decreti
781 1164 890 1261 primi
907 1177 945 1238 et
961 1165 1060 1238 tertii
1077 1165 1187 1239 abest.

252 1285 360 1358 Ratio
377 1282 600 1357 inscribendi
616 1283 742 1358 titulos
759 1283 826 1358 hos
844 1283 1007 1360 diversos
1032 1286 1072 1359 in
1100 1286 1228 1361 eodem
1254 1312 1433 1364 marmore
1450 1289 1573 1365 confu-

171 1405 288 1478 sionis
316 1401 455 1498 aliquid
483 1401 649 1494 induxit3
676 1427 758 1476 nam
786 1403 904 1501 primo
928 1415 1001 1478 tres
1026 1416 1122 1480 totos
1140 1406 1317 1504 descripsi
1333 1409 1437 1504 quasi
1455 1411 1572 1510 singu-

169 1529 288 1602 larem
306 1525 510 1612 efficientes,
523 1521 624 1622 quod
635 1549 708 1598 non
721 1523 865 1598 correxi
879 1521 994 1598 donec
1010 1523 1228 1600 lectionibus
1239 1528 1369 1624 sapius
1384 1531 1571 1627 perpensis

170 1649 363 1723 veritatem
397 1657 611 1741 assequutus
638 1667 727 1728 sum,
745 1643 925 1731 nimirum,
942 1668 1017 1716 non
1041 1644 1149 1719 unius
1173 1645 1238 1718 sed
1255 1646 1365 1720 trium
1382 1649 1569 1724 civitatum

169 1771 323 1844 decreta
347 1767 459 1844 fuisse
481 1769 521 1840 in
548 1765 674 1840 ordine
702 1766 810 1862 quasi,
835 1778 1013 1864 perpetuo
1040 1767 1253 1864 conscripta.
1319 1769 1400 1842 Hac
1429 1770 1568 1844 ratione

168 1917 319 1968 sensum
337 1891 549 1965 continuum
565 1889 604 1962 in
622 1889 772 1988 singulis
789 1888 937 1962 exaravi
954 1887 1018 1984 qui
1034 1898 1139 1961 antea
1154 1888 1299 1985 penitus
1315 1889 1477 1962 latuerat.

250 2012 400 2086 Initium
417 2009 568 2084 facimus
580 2033 663 2082 cum
680 2008 882 2106 fragmento
896 2007 1034 2082 decreti
1051 2008 1276 2082 sanctitatem
1295 2009 1362 2081 soli
1374 2009 1567 2108 asyliaeque

163 2136 255 2230 jura
274 2131 373 2204 Teiis
390 2128 590 2216 annuentis,
609 2127 708 2224 quod
726 2153 774 2202 ex
791 2127 1039 2227 Polyrrheniis
1055 2127 1259 2226 profectum
1276 2129 1441 2202 arbitror.
1493 2130 1567 2206 Sed

169 2253 219 2326 de
249 2251 321 2325 boc
348 2249 502 2324 certiora
536 2247 712 2322 desidero.
776 2247 925 2324 Claudit
959 2249 1129 2345 equidem
1161 2247 1403 2347 fragmentum
1433 2274 1566 2323 nomen

171 2377 534 2458 ΓΙΟΛΥΡΡΗΝΙΩΝ,
552 2369 652 2466 quod
682 2369 712 2442 si
741 2393 825 2443 cum
842 2371 972 2444 ceteris
992 2395 1074 2469 quae
1090 2382 1255 2469 praeeunt
1271 2353 1565 2470 conjungendum

168 2507 231 2568 est
246 2489 356 2565 fidem
374 2489 501 2564 fecerit
517 2515 583 2563 nos
600 2489 639 2562 in
655 2489 725 2563 hoc
751 2489 858 2564 titrdo
884 2490 1028 2578 habere,
1046 2490 1272 2588 aliquatenus
1290 2491 1427 2579 saltem,
1445 2491 1566 2566 decre·

167 2629 252 2689 tum
277 2613 380 2708 cujus
403 2609 574 2708 pauciora
603 2608 768 2704 quaedam
792 2621 1024 2684 servaverant
1041 2609 1268 2686 Cbishullus⁸
1286 2623 1324 2686 et
1343 2611 1564 2687 Sherardus‘.

168 2730 384 2808 Dolendum
397 2743 453 2804 est
469 2741 600 2805 cuncta
616 2755 698 2827 quae
713 2728 801 2804 huic
817 2731 955 2804 nomini
982 2730 1199 2829 postseripta
1219 2729 1363 2805 fuerant
1380 2755 1427 2804 ex
1444 2731 1564 2829 lapide

166 2853 373 2946 evanuisse,
390 2875 459 2925 neo
485 2851 605 2924 minus
632 2852 757 2924 abesse
784 2849 986 2938 exordium,
1004 2875 1072 2949 ope
1090 2875 1245 2948 quorum
1263 2851 1489 2948 dijudicandi
1505 2853 1565 2928 via

166 2971 332 3072 patuerit
342 2984 465 3046 utrum
473 2970 689 3066 jamdudum
702 2971 786 3044 satis
798 2983 883 3046 nota
892 2970 1088 3046 habeamus
1102 2997 1148 3046 an
1158 2996 1240 3069 quae
1247 2973 1420 3046 Teiorum
1432 2973 1562 3046 seriem

165 3091 335 3190 explent.
388 3089 482 3167 Satis
500 3115 587 3164 vero
609 3103 722 3164 restat
748 3090 795 3164 ad
821 3115 966 3165 sensum
987 3089 1193 3189 generalem
1213 3089 1472 3170 declarandum
1498 3093 1563 3190 qui

165 3209 383 3308 hujusmodi
407 3207 496 3302 fuit3
522 3208 739 3307 legationem
760 3207 870 3282 fuisse
895 3209 1034 3282 aTeiis
1056 3209 1202 3286 missam
1225 3221 1409 3307 petentem
1433 3235 1454 3285 a
1476 3212 1562 3311 (Po-

163 3333 365 3434 lyrrbeniis
376 3331 411 3431 1)
440 3344 482 3406 ut
508 3332 677 3407 sanctitas
704 3331 859 3405 civitatis
887 3331 1026 3428 solique
1056 3355 1181 3406 eorum
1212 3344 1476 3430 agnosceretur,
1503 3333 1563 3406 cui

162 3452 441 3553 responsionem
458 3451 652 3548 benignam
681 3449 811 3525 saetam
838 3449 959 3536 fuisse,
978 3475 1015 3524 se
1033 3463 1183 3549 propter
1201 3451 1337 3524 Bacchi
1352 3452 1563 3549 religionem

163 3575 258 3652 talia
274 3585 312 3647 et
328 3571 526 3648 concedere
550 3572 714 3646 volentes
741 3583 779 3645 et
804 3572 843 3644 in
872 3573 988 3668 majus
1010 3597 1077 3670 pro
1099 3571 1197 3646 virili
1219 3584 1320 3670 parte
1337 3572 1559 3669 prolaturos:

163 3695 306 3773 exinde
337 3719 375 3768 se
406 3694 505 3767 Teiis
533 3693 618 3767 dare
648 3693 831 3767 licentiam
861 3693 1057 3790 cujuslibet
1088 3719 1137 3768 ex
1164 3718 1290 3767 eorum
1316 3717 1468 3766 numero
1497 3694 1562 3788 qui

163 3819 344 3892 damnum
361 3823 487 3888 contra
503 3811 601 3910 leges
628 3811 809 3910 asylorum
836 3810 1001 3885 intulerit
1017 3808 1224 3908 arripiendi,
1242 3821 1279 3884 et
1295 3809 1561 3908 magistratibus

161 3934 421 4034 impunitatem
451 3930 559 4004 facti:
589 3930 684 4015 dein,
711 3955 748 4002 se
776 3929 887 4004 lautia
905 3928 958 4027 (h.
976 3953 1008 4002 e.
1027 3930 1123 4003 dona
1139 3928 1348 4027 hospitalia)
1368 3929 1464 4016 dare,
1481 3953 1562 4003 nec·

161 4082 243 4132 non
259 4056 354 4152 jura,
376 4051 504 4150 legatis
528 4049 753 4148 Apollodoto
775 4061 813 4122 et
837 4048 986 4137 Colotes,
1015 4073 1171 4147 quorum
1195 4048 1294 4122 huno
1321 4061 1359 4122 et
1386 4049 1559 4147 sanguine

156 4181 335 4277 junctum
352 4171 462 4246 fuisse
480 4195 564 4245 oum
584 4169 852 4270 (Polym-hemis
865 4169 913 4264 1).

243 4290 394 4366 Decreti
410 4289 519 4387 hujus
537 4289 826 4388 supplementum
855 4288 893 4360 in
917 4285 1127 4362 minusculis
1151 4287 1287 4362 tentavi
1305 4311 1352 4360 ex
1370 4288 1478 4361 variis
1496 4287 1559 4384 qui

206 4464 220 4496 ⁸
233 4457 338 4532 Antiq.
353 4455 446 4514 Asiat
461 4474 489 4512 n.
502 4471 554 4512 v11.
569 4473 597 4531 p.
610 4456 676 4512 121.
929 4455 939 4488 1
955 4451 1025 4511 eod.
1039 4471 1066 4529 p.
1078 4453 1125 4512 38.
1136 4451 1168 4510 iu
1180 4451 1276 4510 lemur.
1286 4449 1395 4510 Bookh.
1406 4469 1434 4510 n.
1445 4454 1531 4514 3054.

233 4576 354 4624 ansele.
370 4575 406 4620 11.
871 4568 887 4611 S
