3992 5240
180 629 286 676 nescu.
298 611 641 700 cmxn.,cnxxx111.]
786 610 972 679 SARDES.
1511 613 1572 678 167

179 797 387 872 Alexandri
419 797 545 874 Severi
575 800 795 897 pervenitur,
836 800 936 897 quod
973 800 1108 898 optime
1147 800 1353 875 nominibus
1390 801 1429 874 in
1462 799 1569 873 titulo

207 919 343 994 nadret.

181 944 206 1016 q
260 1037 461 1137 Supplendi
481 1040 637 1114 rationes
663 1042 814 1138 quasin
839 1041 1049 1116 minusculis
1077 1041 1214 1116 adscivi
1236 1040 1383 1116 uberius
1413 1041 1451 1114 in
1477 1039 1571 1113 notis

181 1185 264 1256 quae
276 1159 323 1232 nd
334 1183 412 1232 rem
425 1159 586 1233 criticam
598 1173 763 1258 spectent
772 1162 974 1261 explicabo.
999 1163 1152 1236 Restant
1161 1161 1281 1236 adhuc
1292 1186 1374 1257 quae
1385 1161 1571 1260 ingenium

179 1291 353 1374 torquent
369 1303 427 1352 vv.
449 1281 481 1352 6.
500 1281 532 1352 8.
555 1283 608 1353 11.
631 1285 761 1356 17-19.
788 1283 827 1355 in
855 1282 987 1379 quibus
1015 1283 1169 1380 vestigia
1194 1282 1395 1355 litterarum
1423 1281 1570 1354 omnino

177 1399 255 1474 fere
273 1399 391 1472 visum
407 1395 589 1472 fallebant.

670 2553 979 2628 ΑΓΑΘΗΠΥΧΗΙ

584 2663 1183 2738 mmmmm

582 2773 1046 2847 ΝΟΜΟΣΤΟΥΣΠΕΝΤΕ

582 2883 1065 2957 ΕΡΩΤᾹΣΤΗΙΠΚΥΚΥΤᾹ

502 2993 523 3061 5
676 2995 941 3066 mummi

180 3183 324 3291 Ἀγοθῇ
355 3182 462 3291 τύχῃ·
477 3197 485 3210 “
498 3181 687 3290 Αὐρήλιος
718 3175 936 3282 Χρύσερως,
971 3174 1027 3261 δὶς·
1056 3173 1304 3282 ἀγορανόμος,
1335 3174 1421 3265 τοὺς
1459 3180 1569 3262 πέντε

568 3307 736 3418 Ἑρωτος
755 3312 801 3417 τῇ
820 3305 1035 3414 γλοκυτοῖτῃ
1053 3310 1216 3413 πατρίδι.

258 3525 403 3600 Titulus
429 3523 652 3598 addictionis.
705 3521 875 3617 Quinque
893 3519 1093 3617 Cupidines
1118 3519 1171 3619 (h.
1190 3546 1219 3595 e.
1244 3533 1388 3612 statuas,
1417 3523 1568 3613 hermes,

180 3643 413 3746 anaglypha),
431 3643 572 3718 donarii
588 3643 678 3730 viee,
695 3641 820 3740 petiiae
836 3641 915 3738 ejus
933 3639 1030 3714 dicet
1048 3639 1256 3741 Chryseros.
1307 3644 1468 3744 Dignum
1487 3669 1570 3718 sene

180 3767 314 3864 pietate
331 3764 485 3838 nomen!
806 3833 809 3840 .

255 3883 440 3981 Descripsi
472 3882 519 3956 de
554 3880 674 3980 lepide
704 3881 743 3954 in
776 3904 881 3954 muro
911 3880 1003 3954 arcis
1035 3879 1227 3969 Serdienae‚
1263 3882 1362 3978 quod
1395 3895 1433 3958 et
1465 3897 1569 3958 antee

182 4005 379 4092 steuanus,
402 4005 507 4100 eujus
524 4001 773 4102 epogmphum
793 4023 935 4074 mecum
953 4001 1306 4076 communicemevir
1333 4003 1569 4076 amicissimus

181 4127 387 4201 Borrellius.
440 4129 562 4202 Inesse
580 4126 687 4200 video
706 4115 928 4223 σφάλματα,
945 4126 983 4198 in
1001 4151 1033 4198 v,
1046 4128 1078 4198 2.
1102 4125 1161 4199 fin.
1188 4131 1381 4202 ΒΥΓΟΡΑ.
1405 4139 1442 4200 et
1470 4128 1509 4200 iu
1532 4131 1565 4200 4.

183 4253 375 4323 ΓΛΥΚΥΑ.
