4004 5264
453 577 494 642 tt
862 571 1213 642 INSCRIPTIONES
1235 574 1427 644 GRAECAE.
1575 579 1696 662 [rusca.
1709 599 1839 646 axxxvr.

455 773 633 852 ὑπατικοῦ
652 763 813 850 Ἰουλίου
833 772 1069 867 Κυϊντιαυοῦ,
1089 769 1129 848 ἐκ
1148 767 1377 876 φιλοδωρίας
1399 775 1466 850 τοῦ
1486 773 1700 868 Σεβαστοῦ.
1757 769 1840 853 Ἐπὶ

752 895 966 982 ἀνθυπάτου
984 897 1027 981 τὸ
1045 894 1085 996 ,d
1104 897 1303 1004 Ἐγνατίου
1317 904 1547 984 Λολλιουοῦ.

528 1094 675 1170 Titulus
691 1105 949 1170 commemorat
961 1083 1235 1180 dedicationem,
1249 1105 1316 1168 etc
1335 1117 1400 1192 per
1412 1081 1572 1169 'Balbum
1588 1096 1839 1193 proconsulem
1977 1187 1978 1198 2

451 1216 592 1306 factam,
604 1225 819 1316 procurante
830 1211 987 1290 Romulo
999 1215 1120 1314 legato
1136 1229 1357 1313 propraetore
1374 1217 1572 1292 consularis
1583 1217 1784 1312 Quintiani,
1795 1243 1841 1294 ex

452 1333 698 1412 munificentia
715 1333 955 1432 Imperatoris,
972 1335 1144 1408 nimirum
1172 1334 1359 1425 Hadriani,
1377 1348 1420 1410 ut
1445 1337 1562 1434 liquet
1577 1359 1625 1411 ex
1642 1351 1841 1413 memorato

452 1457 567 1530 Balbo
584 1479 726 1530 necnon
743 1454 1036 1554 proconsulatum
1052 1467 1201 1554 gerente
1219 1456 1375 1554 Egnatio
1393 1453 1583 1531 Lolliano‘.
1619 1439 1622 1446 ¹

526 1577 759 1675 Descriptum
787 1573 899 1650 habui
928 1571 974 1648 de
1001 1572 1173 1648 coronide
1202 1574 1298 1648 inter
1326 1573 1459 1649 rudera
1484 1573 1629 1650 aedificii
1662 1575 1838 1673 quadrati,

451 1722 548 1772 nunc
585 1697 662 1771 solo
695 1694 835 1793 aequati,
866 1695 975 1792 juxta
1007 1693 1103 1768 viam
1136 1718 1158 1767 a
1196 1693 1367 1768 Posideo‘
1402 1693 1449 1768 ad
1485 1693 1607 1770 vicum
1643 1695 1839 1771 Turcicum

456 1815 650 1894 Gerondat
702 1816 876 1915 Vestigia,
904 1815 1042 1912 opinor,
1069 1815 1197 1912 templi
1226 1825 1319 1902 sunt,
1349 1826 1387 1890 et
1422 1815 1530 1889 situm
1555 1813 1839 1891 Branchidarum
1978 1819 1979 1868 l

451 1938 511 2012 vel
537 1937 778 2036 Didymorum
805 1933 978 2033 designat
1040 1934 1186 2009 Titulus
1216 1935 1292 2031 ipse
1320 1933 1470 2009 fortasse
1496 1933 1721 2036 Didymaeid,
1756 1935 1791 2010 h.
1811 1961 1838 2010 e.

450 2059 515 2156 qui
536 2058 583 2132 ad
600 2057 784 2156 Apollinis
808 2054 1022 2154 religionem
1049 2067 1214 2154 spectant
1237 2055 1323 2132 huic
1345 2055 1485 2157 regioni
1506 2057 1697 2156 propriam
1718 2081 1839 2132 accen·

451 2181 722 2400 semllurieidtplar
743 2299 845 2398 quod
865 2299 935 2374 edo
957 2265 1200 2374 contulicum
1224 2294 1442 2373 Bdckhiand
1467 2321 1516 2372 ex
1541 2295 1684 2372 schedis
1702 2295 1838 2382 Leakii,

447 2425 580 2522 quibus
608 2434 645 2498 et
667 2417 890 2521 cynllianis*
908 2445 995 2494 usus
1011 2419 1130 2493 suerat
1141 2419 1198 2494 vir
1215 2441 1383 2494 summus
1436 2419 1528 2492 Tres
1550 2417 1697 2493 ultimos
1714 2441 1838 2493 versus

449 2569 593 2620 mecum
610 2541 890 2619 communicavit
907 2539 1115 2615 Borrellius.

523 2665 638 2739 Lectt
667 2661 804 2739 Bockh.
833 2673 925 2747 sunt,
955 2661 994 2734 in
1021 2685 1054 2732 v.
1072 2663 1104 2734 1.
1128 2663 1589 2734 ΑΝΛΙΙΛΗΡΟΘΕΝΙΩΝ.
1655 2654 1701 2730 In
1727 2657 1760 2730 3.
1779 2655 1837 2730 fin.
1979 2660 1980 2676 ¹

315 2783 316 2788 ‘
449 2789 579 2860 κΟΙΝ.
639 2785 684 2858 In
707 2785 739 2858 6.
757 2780 816 2855 fin.
837 2785 1083 2858 ΡΟΜΥΛΟΥ.
1149 2781 1194 2856 In
1220 2781 1321 2878 [pr.
1341 2781 1670 2856 ΠΡΕΣΒΟΥΤΟΥ.
1728 2777 1840 2853 Hunc

448 2929 594 2979 versum
611 2903 748 2978 claudit
765 2903 902 3003 syllaba
919 2907 1012 2978 ΓΟΥ
1024 2924 1133 2998 quam
1146 2901 1229 2997 jure
1246 2899 1433 2997 perspexit
1449 2897 1529 2972 ud
1548 2896 1749 2973 delendam.
1802 2898 1841 2972 A

448 3049 625 3099 marmore
651 3025 761 3098 abest.
823 3024 868 3096 In
895 3024 926 3096 8.
944 3021 1003 3096 fin.
1030 3025 1409 3097 ΙΟΥΝΙΟΥΚΟΙΝΤΙ.
1466 3017 1676 3093 Notandum
1704 3030 1760 3092 est
1784 3017 1840 3092 lit·

446 3156 542 3218 teras
567 3143 606 3216 in
629 3141 700 3217 hoo
717 3139 824 3216 titulo
840 3138 993 3214 candem
1019 3138 1096 3213 fere
1121 3139 1278 3236 speciem
1303 3139 1469 3212 retulisse
1492 3163 1576 3213 curn
1605 3137 1650 3213 iis
1680 3163 1762 3236 quae
1788 3164 1839 3214 se

447 3276 610 3360 quantur
626 3263 664 3336 in
683 3262 735 3336 tit
751 3281 921 3334 axxxvn.

737 3521 986 3600 LXXXVII.
1013 3524 1050 3597 b.
1364 3521 1630 3600 LXXXVIII.
1657 3547 1687 3596 c.

676 3732 1115 3810 armaturarum

677 3843 1043 4029 ἕῆῺΣΕΒΑΣΙὨ
1423 3839 1555 3910 ΕΟΔΟ

491 4177 590 4238 *Vide
613 4177 645 4238 0.
662 4177 686 4236 1.
712 4179 768 4238 vol.
788 4195 819 4238 ιι.
843 4197 891 4256 pp.
913 4181 979 4240 844.
1003 4199 1060 4257 seq.
1086 4187 1117 4238 et
1204 4179 1219 4216 l
1235 4177 1312 4238 Vide
1326 4179 1454 4240 nauti
1466 4199 1530 4259 sup.
1543 4199 1593 4260 pp.
1600 4184 1668 4253 550,
1684 4199 1744 4260 sqq.

445 4277 577 4356 Append
591 4289 650 4336 not
664 4277 730 4338 crit.
745 4277 875 4338 adhunc
889 4278 1024 4338 titulum·
1207 4278 1214 4318 ¹
1236 4277 1310 4337 lbid.
1323 4297 1352 4356 p.
1360 4281 1429 4345 559.
1449 4277 1570 4344 nuato.
1698 4317 1700 4322 .

485 4383 498 4422 ¹
513 4377 588 4437 Plin.
599 4377 637 4436 H.
647 4377 682 4437 N.
698 4395 726 4437 v.
742 4381 788 4440 31.
803 4379 828 4436 l.
1207 4378 1220 4416 ⁸
1236 4377 1403 4458 uantum.
1419 4381 1479 4452 λὸγ.
1493 4399 1538 4438 an.
1555 4381 1637 4440 1812
1649 4399 1677 4458 p.
1692 4382 1757 4447 tao.
