4018 5244
176 551 611 638 insen.1.xxxn1.,nxxx1v.]
709 547 1035 616 APHRODISIAS.
1525 553 1567 616 63

179 748 378 810 tamentum
406 737 555 834 reliquit
579 737 663 812 filiis
687 739 765 834 ejus
782 737 928 836 Apellae
954 750 992 812 et
1015 735 1242 826 Corneliano,
1259 739 1468 836 nepotique'
1489 740 1567 839 (vel

179 855 297 953 filiot)
317 859 441 944 Tatiae,
459 859 585 934 uxoris
603 857 811 935 Chesitonie
829 857 967 934 dudum
985 857 1175 946 defuncte,
1193 859 1377 958 Dionysio.

256 978 371 1050 AEtati
396 978 549 1052 limitem
578 979 728 1053 fortasse
756 979 992 1078 assignaveris
1022 1003 1070 1052 ex
1097 979 1241 1052 nomine
1261 980 1384 1078 Ulpi0‚
1405 981 1505 1077 quod
1531 995 1568 1056 et

177 1099 291 1196 petiis
308 1111 346 1171 et
361 1097 427 1171 filii
443 1098 533 1174 suit:
553 1127 618 1184 vv.
639 1105 669 1176 l.
689 1105 721 1176 5.
742 1105 818 1176 14'.

255 1218 460 1292 Ediderunt
486 1233 524 1294 et
548 1219 749 1296 Bnekhius¹
768 1233 805 1294 et
821 1219 1065 1312 nellowsius’;
1091 1219 1152 1292 hie
1180 1243 1228 1291 ex
1249 1219 1413 1316 propriis,
1430 1219 1492 1292 ille
1520 1244 1569 1292 ex

179 1337 324 1412 schedis
340 1339 523 1414 Shererdi¹
544 1355 582 1415 et
604 1341 699 1416 libro
720 1342 916 1440 Walpolii·.
968 1344 1099 1416 Exstat
1116 1340 1242 1415 titulus
1259 1339 1298 1412 in
1318 1339 1436 1437 lapide
1454 1365 1568 1428 mure,

174 1485 252 1556 qua
270 1458 431 1534 Caurum
449 1472 595 1557 spectat,
612 1461 721 1534 illato.

256 1581 407 1678 Recepit
433 1582 474 1654 B.
492 1581 530 1654 in
559 1581 630 1654 fine
658 1607 689 1655 v.
711 1585 743 1654 2.
769 1579 1048 1657 Sherardianum
1079 1587 1281 1674 ΚΛΚΑΙΧΑ,
1308 1591 1434 1654 eontra
1458 1577 1569 1651 fidem

176 1702 378 1774 marmoris.
432 1701 476 1774 In
495 1703 528 1774 3.
547 1701 641 1776 med.
663 1709 715 1789 ΙΣ,
743 1699 844 1797 quod
870 1713 907 1774 et
930 1699 1017 1774 Fen
1069 1701 1164 1774 1114.
1182 1699 1274 1774 med.
1293 1704 1333 1774 B.
1351 1706 1503 1786 ΘΑΣΙΑ,
1530 1700 1568 1771 F.

175 1827 368 1896 ΘΑΛΣΙΑ.
435 1823 488 1894 In.
522 1825 577 1898 10.
606 1824 648 1896 Β.
667 1825 705 1896 F.
727 1828 945 1897 ΙΣΩΣΤΑΣ.
1015 1821 1112 1895 Dein
1142 1823 1182 1894 Β.
1211 1826 1504 1912 ΓΙΛΑΔΙΜΟΥΣ,
1529 1820 1569 1891 F.

178 1952 465 2034 ΠΛΑΜΜΟΥΣ,
496 1947 530 2020 h.
554 1973 586 2021 e.
617 1941 833 2038 πλακίνους,
860 1947 1119 2044 interpretante
1155 1945 1291 2022 Beckh.
1359 1943 1456 2018 Dedi
1489 1969 1570 2040 quae

175 2065 270 2140 mihi
286 2068 324 2140 in
342 2068 423 2142 loco
440 2069 697 2144 obscurissimo
713 2069 900 2168 potissime
916 2069 1001 2143 visa.
1053 2070 1099 2142 In
1111 2067 1170 2142 fin.
1188 2069 1231 2140 B.
1243 2070 1473 2143 ΟΥΛΓΙΙΟΝ.
1525 2067 1569 2138 In

178 2191 236 2260 12.
264 2188 311 2262 id
337 2194 623 2264 ΔΙΟΝΥΣΙΟΝ.
679 2189 776 2263 Dein
797 2194 957 2263 ΤΑΤΑΣ
983 2188 1022 2260 in
1043 2189 1099 2260 13.
1122 2197 1159 2260 et
1180 2191 1344 2260 ΑΠΕΜΑ
1361 2184 1400 2256 in
1419 2185 1476 2256 14.
1502 2183 1570 2256 sub

176 2307 237 2381 fin.
767 2337 770 2344 ’

741 2471 965 2544 nxxinv.
992 2501 1018 2564 ρ.

573 2644 1145 2722 ΟΒΩΜΟΣΚΛΙΗΕΠΙΚΕΙΜ

572 2747 1175 2834 ‘enotteento‘eto‘t’nton’

577 2859 1187 2944 toemnnonnfitzetnzono

571 2973 1099 3056 ntnnozxnto‘tnmnnx

498 3097 519 3166 5
580 3079 1146 3168 ΑΨΤΟΨΕΤΕῬΟΣΔΕΟΨΔ

578 3201 1144 3278 ΑΨΤΗΝΝΕΑΝΔΕΤΙΣΕΠ

577 3309 1192 3388 ΤΩΝΕΝΚΗΔΕΨΘΗΣΟΝΕΝ

576 3419 1113 3500 ΤΩΝΔΙΛΤΕΤΑΓΝΕΝΩΝ

177 3605 229 3686 'O
248 3599 375 3704 βωμὸς
396 3605 456 3683 καὶ
474 3603 498 3701 ἡ
519 3597 726 3699 ἐπικειμένη
747 3599 845 3705 αὐτῷ
866 3591 982 3700 σορὸς
1005 3595 1065 3676 καὶ
1092 3601 1129 3676 αἱ
1163 3596 1345 3678 εἶσῶσται
1374 3634 1572 3680 κατεσκευ-

222 3861 235 3888 ’
251 3853 362 3912 Filium
376 3851 502 3929 appellet
512 3851 667 3908 Wienerus
680 3849 712 3906 in
723 3847 853 3906 Fellows.
904 3845 986 3905 Conf.
1000 3853 1060 3903 not
1074 3844 1184 3903 Beekh.
1196 3865 1225 3904 n.
1235 3847 1321 3908 2846.
1336 3869 1364 3925 p.
1374 3847 1441 3912 547.

177 3953 318 4031 Append.
333 3953 369 4009 A.
384 3971 411 4028 p.
421 3953 487 4011 354.
942 3948 957 3978 ¹
982 3943 1064 4003 Ibid.

223 4059 241 4087 '
257 4051 385 4120 Charite,
401 4049 530 4108 medicus
543 4045 787 4125 Aphrodisiensis,
802 4065 850 4103 ne
942 4049 954 4082 ³
977 4042 1039 4100 Ubi
1053 4061 1118 4120 sup.
1132 4061 1161 4100 n.
1171 4045 1219 4104 55.

177 4167 231 4212 tue
254 4161 318 4210 eret
333 4149 450 4219 nalem,
474 4149 526 4223 qui
539 4148 601 4224 ipse
625 4153 710 4204 aetete
728 4145 854 4202 Antoni·
945 4149 958 4174 *
978 4141 1047 4200 con
1062 4141 1136 4200 Ask.
1151 4158 1194 4200 m.
1208 4141 1252 4206 17.

176 4271 287 4312 norum
313 4249 422 4308 floruit
463 4245 636 4304 Verosimile
662 4253 706 4303 est
731 4243 854 4302 eundem
944 4240 958 4267 ¹
977 4240 1122 4312 Memoirs,
1138 4249 1191 4300 ete.
1205 4261 1232 4319 p.
1241 4240 1308 4302 462.
1324 4263 1352 4302 n.
1367 4245 1410 4301 ll.

175 4353 271 4410 fuisse
302 4349 355 4424 qui
391 4347 422 4404 in
455 4346 511 4404 hoc
545 4345 635 4403 titulo
668 4352 853 4402 memoratur.
