3952 5238
156 605 272 652 rusca.
290 584 476 672 ox1.‚oxr1.]
768 583 986 653 TRALLES.
1498 589 1559 652 345

158 757 296 823 Graecos
319 755 561 822 existimationis
585 779 681 846 quam
703 755 877 844 Xystarchi
902 757 987 844 apud
1009 755 1175 833 Romanos,
1203 780 1300 843 quum
1324 769 1356 824 et
1380 757 1560 824 invenimus

157 862 371 927 Strabonemk
400 875 625 928 memorantem
653 861 832 928 Antonium
858 861 1015 927 IIIvirum
1046 862 1234 951 dignitatem
1259 862 1345 928 haud
1381 863 1558 952 denegasse,

155 965 275 1044 immo,
292 988 334 1030 ex
345 964 439 1030 titulo
455 963 662 1044 Gruteriand,
678 964 790 1030 Titum
811 966 992 1052 Augustum
1012 973 1345 1057 γυμνασιαρχὴσαντα.
1389 968 1510 1034 Pariter
1525 969 1558 1032 in

157 1069 209 1136 tit.
233 1068 414 1136 Sardiano¹¹¹
436 1069 580 1136 videmus
597 1068 776 1158 Strategum
801 1085 833 1134 et
860 1069 1164 1159 Stephanephorum,
1188 1073 1325 1139 eundem
1343 1087 1376 1140 et
1390 1074 1559 1162 Gymnasi-

158 1175 296 1242 archam
310 1175 475 1242 exstitisse.
519 1177 687 1254 Nimirum,
697 1177 777 1242 ratio
788 1177 962 1244 habebatur
983 1179 1029 1244 rei
1052 1180 1213 1246 familiaris
1227 1181 1311 1246 iniis
1332 1182 1558 1273 quimagistrs-

156 1295 233 1346 tum
259 1283 458 1370 exercebant,
484 1298 612 1372 propter
640 1297 782 1371 sumptus
818 1287 991 1352 necessario
1020 1289 1202 1376 erogandos,
1231 1302 1264 1354 et
1288 1289 1364 1356 hinc
1389 1291 1558 1378 aliquando

155 1389 293 1456 femiuae
312 1390 386 1478 ipsae
407 1389 591 1456 illustriores
611 1391 652 1456 ad
674 1413 789 1456 munus
812 1390 1033 1478 eligebanturfl.
1074 1393 1196 1471 Contra
1213 1394 1409 1482 Xystarchae‚
1434 1397 1558 1484 proprie

157 1496 254 1574 dicti,
270 1495 420 1562 videntur
434 1513 466 1562 et
476 1496 537 1586 ipsi
556 1497 650 1564 fuisse
667 1498 740 1563 artis
760 1497 962 1586 gymnasticae
976 1500 1080 1587 periti,
1095 1501 1227 1588 proinde
1245 1525 1370 1590 operam
1386 1503 1558 1572 dedissent

158 1604 295 1670 athletae
320 1603 360 1668 ad
380 1604 550 1669 certamina
564 1605 689 1693 egregie
704 1605 848 1670 instructi
864 1606 1058 1686 accederent,
1078 1609 1238 1695 praeludiis
1258 1611 1292 1674 in
1311 1613 1483 1700 gymnasiis
1502 1639 1557 1680 seu

158 1709 270 1798 xystis
292 1733 400 1776 eorum
415 1709 536 1776 factis02
558 1709 634 1776 hinc
655 1711 879 1798 appellationes
894 1735 1001 1776 eorum
1021 1713 1105 1801 apud
1125 1715 1170 1779 rei
1185 1715 1406 1804 therapeutica
1429 1721 1557 1808 scripto-

158 1830 239 1896 res¹'‚
255 1819 582 1906 παλαιστροφῦλακες,
599 1823 756 1887 ἐπιστάται
771 1822 1000 1907 παλαίσματος,
1016 1820 1171 1908 profectae.

230 1923 330 2010 Xysti
346 1923 513 2012 descriptio
531 1923 664 1989 habetur
684 1924 769 2012 apud
784 1923 995 1999 Vitruvium,
1019 1949 1132 2013 nempe
1153 1926 1277 2004 ξυστοῦ,
1298 1930 1370 2004 roei,
1386 1934 1504 2016 aquari,
1521 1944 1557 1996 ut

157 2031 244 2098 adeo
256 2029 347 2096 facile
361 2031 528 2097 consistere
538 2047 665 2119 possent
678 2031 811 2106 athleta,
828 2031 881 2116 qui
893 2031 1010 2096 exinde
1025 2031 1173 2119 appellati
1185 2031 1321 2118 xystici',
1337 2045 1369 2096 et
1384 2048 1556 2098 conventus

158 2133 296 2221 quidam
311 2159 420 2201 eorum
435 2137 469 2202 in
484 2137 577 2204 titulo
589 2137 785 2226 Thyatireno
798 2161 891 2224 quern
903 2137 978 2204 alibi
992 2137 1167 2216 citavimus,
1183 2141 1329 2227 cynicus.

808 2407 918 2474 CXII.

229 2556 258 2618 l.
284 2555 459 2621 Φίλιππον.
504 2553 697 2620 Memoratur
722 2555 775 2622 hic
790 2555 957 2645 Philippus
976 2556 1011 2620 in
1033 2556 1129 2621 altero
1150 2555 1317 2634 Trullensi,
1339 2553 1477 2620 Bdckhii
1498 2561 1553 2639 (ex

159 2659 339 2740 Shersrdo)
354 2683 385 2724 11.
399 2660 493 2728 2932.
519 2673 552 2725 et
577 2659 611 2724 in
625 2660 866 2748 Aphrodisiensi
892 2665 950 2748 (ex
973 2661 1042 2727 eod.
1069 2677 1101 2727 et
1125 2661 1331 2749 Spanhemio)
1357 2685 1386 2728 n.
1404 2663 1497 2727 2790.
1518 2661 1552 2726 in

158 2791 239 2854 quo,
255 2781 293 2829 ut
313 2764 375 2842 hic,
387 2763 507 2829 mentio
518 2763 555 2829 fit
571 2763 768 2853 magistratus
787 2765 864 2850 ejus,
882 2763 1040 2851 Logistiae.
1085 2763 1131 2827 Hi
1143 2762 1280 2851 Logistae
1292 2777 1381 2828 erant
1393 2777 1550 2829 curatores

158 2871 333 2940 civitatum
352 2867 407 2956 qui
422 2869 489 2956 juri
512 2869 647 2936 dicendo
667 2883 699 2937 et
720 2872 812 2936 rebus
832 2869 989 2952 fiscalibus
1013 2883 1174 2956 praeerant.
1220 2867 1387 2957 Desumpti
1406 2869 1554 2935 videntur

161 2979 206 3044 de
222 2973 335 3064 politia
351 2975 614 3040 Atheniensium‘.
1163 2993 1166 2996 ·

231 3087 393 3168 Λογιστής
407 3081 522 3147 iterum
538 3080 673 3146 occurrit
687 3079 720 3146 in
735 3080 783 3146 tit.
800 3105 890 3170 prox.
905 3106 935 3145 v.
951 3083 981 3146 5.
997 3079 1176 3168 designatus
1191 3081 1374 3167 ὑπέρτατος,
1392 3081 1477 3166 quod
1491 3106 1555 3146 non

158 3187 355 3256 crediderim
375 3187 507 3252 ornandi
522 3211 613 3254 causa
628 3187 822 3273 adjunctum,
838 3187 893 3254 sed
908 3201 943 3252 ut
958 3187 1138 3275 designetur
1152 3211 1291 3252 summus
1306 3187 1341 3251 in
1362 3187 1505 3276 collegio,
1521 3203 1556 3253 ut

159 3302 296 3383 πρῶτος
311 3295 424 3382 ὄρχων
436 3293 470 3358 in
485 3309 579 3358 nostr.
590 3313 656 3357 m.

197 3533 290 3584 tarot.
302 3547 356 3582 xxv.
368 3535 389 3582 s.
402 3535 601 3594 urrunnun.
647 3517 649 3528 '
916 3536 1040 3583 annun.
1062 3536 1097 3582 ne
1118 3535 1173 3582 aua
1187 3535 1272 3584 ceci
1293 3539 1329 3584 ra.
1347 3540 1437 3598 uror.
1472 3539 1556 3586 senaa

201 3619 207 3653 ¹
228 3621 285 3681 Peg.
297 3633 406 3668 cuxxm.
417 3633 441 3666 n.
451 3623 473 3667 8.
886 3617 977 3667 Sueten.
987 3618 1209 3678 Augustamnica
1225 3626 1301 3665 tamen
1319 3635 1344 3666 eo
1360 3622 1435 3667 minua
1446 3631 1489 3668 aar
1499 3639 1555 3683 ψ-
1599 3601 1601 3606 ’

196 3715 215 3740 ¹¹¹
227 3707 322 3754 Auctar.
332 3705 417 3754 Fascio.
426 3717 444 3752 r.
455 3706 491 3752 tit.
501 3720 519 3751 ε.
531 3707 567 3753 15.
579 3719 602 3764 p.
613 3705 667 3752 178.
885 3703 983 3749 siemera
994 3703 1132 3749 amatium
1147 3709 1190 3748 aar
1203 3703 1362 3764 eludimur-am
1376 3721 1470 3766 papam
1492 3723 1554 3752 aeve-

196 3797 208 3823 ¹¹
227 3789 349 3839 Chmdlcr.
366 3788 437 3836 Inscr.
455 3802 478 3848 p
489 3789 526 3835 19.
542 3802 565 3834 n.
582 3789 622 3834 ta
645 3784 724 3845 Spouii
739 3782 834 3831 moen
885 3788 975 3833 riarim
985 3801 1074 3848 semper
1084 3787 1168 3847 aaeeyic
1187 3787 1252 3835 Confi
1265 3787 1333 3836 Galb.
1345 3802 1389 3836 xv.
1408 3789 1502 3849 Ulpisu.
1511 3802 1552 3838 ur.

160 3884 208 3926 ete.
221 3888 244 3935 p.
254 3874 310 3922 885.
738 3933 742 3942 ι
886 3871 921 3918 tit.
930 3873 951 3918 2.
964 3871 1007 3932 leg.
1016 3873 1038 3918 4.
1056 3871 1147 3919 Gruter.
1160 3869 1230 3918 Inscr.
1242 3885 1264 3931 p.
1272 3883 1408 3919 oooxxxrr.
1419 3885 1442 3917 n
1453 3875 1474 3920 6.

192 3965 206 3992 ⁰
222 3957 409 4008 comunem.
422 3967 510 4016 poor.
521 3957 543 4002 l.
560 3954 651 4004 Gnrtar.
664 3968 686 4013 p.
701 3967 804 4001 cccxrv.
815 3957 835 4000 1.
918 3957 1054 4003 ¹Faseic.r.
1066 3971 1088 4015 p.
1100 3957 1152 4003 175.

157 4057 257 4094 auxum
280 4043 302 4091 6.
337 4041 400 4090 Hinc
420 4042 492 4088 verba
510 4039 535 4087 in
556 4039 645 4088 Bdckh.
665 4039 786 4099 Aphrodis
805 4053 837 4085 ex
919 4043 926 4071 ¹
945 4040 1004 4087 Vide
1016 4040 1104 4087 Bdckh.
1115 4040 1215 4086 Staatsh.
1228 4039 1494 4100 <interclausam
1520 4043 1555 4088 Do

158 4129 286 4186 wardo,
299 4141 322 4174 rr.
332 4129 402 4175 2758.
414 4127 453 4172 flu.
466 4123 612 4188 acorem
624 4123 660 4181 εἷς
676 4122 835 4186 ἀναπλήρω·
888 4125 974 4186 Loglst.
984 4125 1041 4171 oonl.
1054 4124 1130 4170 Vales.
1144 4125 1174 4170 ad
1185 4123 1301 4170 Amndau.
1310 4137 1363 4170 x1v.
1377 4127 1400 4171 7.
1413 4139 1434 4184 p.
1444 4127 1482 4172 26.
1502 4125 1553 4185 Bip.

159 4207 215 4273 aiv,
227 4215 271 4262 hue
281 4217 323 4271 est,
336 4213 366 4258 ad
376 4217 511 4272 sumptuum
521 4211 571 4272 ejus
581 4210 795 4270 compensationem.
885 4213 908 4254 et
917 4207 946 4253 ad
954 4205 1091 4267 Philostorg.
1102 4206 1164 4254 Ecel.
1174 4207 1235 4253 Hist.
1245 4220 1283 4253 ru.
1292 4209 1330 4253 28.
1338 4207 1367 4254 Α.
1376 4213 1423 4254 not.
1432 4222 1455 4267 p.
1463 4211 1516 4256 138.
1525 4210 1552 4256 Β.

197 4307 210 4340 ¹¹
225 4299 278 4347 Ἧι.
291 4297 371 4346 Galen.
383 4297 517 4357 Hippomt.
535 4296 595 4344 Vide
606 4296 709 4356 Epidam.
718 4307 751 4342 vt.
762 4295 780 4354 §.
788 4297 810 4342 8.
885 4293 1043 4338 Memorantur
1053 4292 1077 4336 in
1086 4291 1141 4340 cod.
1152 4291 1211 4351 Imp.
1219 4291 1328 4340 eorum
1338 4304 1355 4338 ι.
1367 4292 1402 4340 ut.
1411 4295 1450 4341 54.
1461 4293 1516 4354 leg.
1527 4297 1551 4344 8.

195 4383 287 4430 aEdit.
299 4381 493 4442 Bipoutplto.
885 4383 908 4422 et
919 4377 943 4422 in
952 4375 1043 4424 Gruter.
1055 4389 1077 4434 p.
1086 4386 1245 4421 ccouxrrxrx
1258 4375 1281 4422 2.

228 4483 345 4530 rasore.
357 4483 393 4528 11.
838 4463 890 4524 ir
