3992 5240
463 563 506 624 aa
879 557 1230 626 INSORIPTIONES
1253 558 1445 626 GRAECAE.
1652 561 1852 644 [ruscacxv.

466 758 575 833 τινῶν
606 752 800 832 αὐθεντίαν
823 749 867 852 ἦς
898 798 911 812 -
944 798 958 812 ·
991 797 1005 811 ·
1038 797 1052 810 -
1083 747 1203 860 τούτῳ
1226 751 1544 858 προχειρίζεσθαι,
1568 749 1673 832 ἀλλὰ
1702 799 1715 814 -
1748 801 1761 814 -
1794 801 1808 813 -
1839 799 1852 812 -

469 895 529 992 φιρ
560 886 621 964 καὶ
650 884 852 982 δοκιμασία
875 882 1092 985 τοῦγένους
1111 879 1172 962 καὶ
1201 927 1216 943 ·
1249 930 1262 942 -
1295 929 1309 943 ·
1342 929 1356 942 -
1386 881 1522 986 ταύτης
1548 886 1628 966 ἐπεὶ
1652 885 1712 965 καὶ
1736 883 1851 986 οῑκῆτ.

469 1053 552 1122 ορες
582 1063 596 1078 ·
635 1063 648 1076 ·
688 1063 701 1076 ·
740 1062 753 1076 -
791 1013 1036 1095 Σελευκέων·
1069 1059 1083 1074 ·
1117 1059 1130 1072 -
1164 1059 1177 1074 -
1209 1015 1270 1094 καὶ
1289 1011 1508 1119 οἰκήτορσιν
1524 1010 1681 1094 Ἰταλῶν
1701 1061 1715 1076 ·
1747 1062 1761 1076 -
1794 1063 1808 1075 ·
1839 1062 1851 1074 -

469 1155 600 1231 νεσθαι
618 1145 711 1250 μηδὲ
743 1195 756 1208 -
790 1194 803 1206 -
835 1191 851 1206 ·
881 1190 896 1206 -
925 1181 969 1247 ης
988 1141 1082 1226 κατὰ
1100 1151 1208 1250 χεῖρα
1234 1143 1416 1252 ἀνταξίας
1446 1181 1476 1226 π
1496 1193 1510 1206 ·
1543 1193 1557 1207 -
1590 1193 1604 1207 -
1637 1193 1651 1208 -
1683 1147 1852 1249 ουμένων·

327 1359 333 1372 ,
467 1277 594 1391 psa
623 1327 1851 1342 ...........................

468 1480 659 1576 rescriptas
686 1503 769 1574 quae
795 1477 841 1552 de
871 1479 980 1552 rebus
1007 1477 1219 1553 colonorum
1246 1477 1285 1553 in
1309 1480 1436 1578 primis
1463 1481 1625 1578 agebant
1677 1482 1734 1554 De
1758 1479 1854 1554 hisce

468 1600 639 1673 videntur
666 1597 832 1696 quaedam
859 1597 1032 1672 constitui
1053 1597 1092 1672 in
1118 1623 1176 1672 vv.
1196 1601 1228 1673 6.
1250 1600 1306 1700 (in
1323 1623 1397 1695 quo
1415 1599 1616 1674 Rhetorum
1639 1601 1854 1675 mentionem

469 1719 599 1793 saetam
629 1718 848 1816 credideris)
875 1733 913 1794 et
937 1721 993 1794 18.
1045 1721 1090 1796 In
1111 1746 1169 1794 vv.
1189 1723 1245 1794 11.
1267 1723 1322 1794 16.
1344 1725 1399 1795 17.
1419 1747 1546 1796 eruere
1576 1721 1664 1797 licet
1692 1723 1854 1819 quaedam

468 1841 514 1915 dc
542 1840 782 1939 Ircnopolitis,
814 1839 990 1940 Coryciis,
1016 1853 1057 1914 ct
1081 1839 1360 1916 Seleucensibus
1390 1843 1508 1930 statui,
1538 1843 1854 1942 magistratumque

468 1961 672 2059 quemdam,
694 1961 965 2048 Mithradatem,
995 1961 1059 2057 qui
1086 1960 1214 2060 ephori
1239 1961 1356 2036 officio
1379 1961 1526 2038 functus
1551 1977 1637 2050 erat,
1660 1964 1853 2039 memorari

469 2089 600 2160 Insunt
632 2110 779 2183 quoque
813 2086 921 2172 tituli,
956 2077 1162 2164 ὁσιώτατος
1201 2087 1281 2184 (vel
1319 2076 1530 2182 ὁσιότητος,
1563 2081 1804 2186 ὡσιωμένος),
1821 2103 1855 2164 et

469 2201 693 2309 γαληνότης,
714 2212 779 2307 qui
801 2209 848 2284 ad
868 2211 1036 2305 sequiora
1059 2223 1222 2308 tempora
1246 2211 1389 2309 imperii
1410 2225 1569 2287 mentem
1585 2227 1766 2300 revocant
1784 2215 1855 2312 qui·

468 2336 537 2407 bus
567 2347 604 2406 et
634 2333 821 2430 scripturae
850 2331 988 2429 species
1014 2331 1185 2405 convenit
1201 2341 1239 2405 et
1254 2331 1408 2430 vestigia
1434 2357 1516 2429 quae
1541 2345 1679 2408 restant
1706 2334 1855 2408 nominis

468 2451 699 2551 imperatorii,
733 2473 864 2549 nempe
901 2454 961 2527 ΦΛ
978 2509 995 2523 .
1013 2509 1031 2523 .
1047 2509 1065 2523 .
1079 2456 1176 2526 εΟΝ
1193 2509 1211 2524 .
1228 2509 1246 2524 .
1281 2450 1381 2526 unde
1414 2451 1530 2526 facilis
1565 2467 1621 2527 est
1653 2455 1855 2550 conjectura

469 2577 630 2648 Leonem
649 2570 812 2669 spectari,
830 2569 934 2642 illum
951 2567 1102 2644 fortasse
1120 2571 1184 2666 qui
1199 2570 1239 2643 in
1256 2569 1363 2646 tiano
1380 2569 1479 2646 haud
1496 2573 1652 2646 absimili
1671 2572 1855 2649 Sardiano¹²

471 2697 601 2770 obvius
619 2706 682 2767 est.

543 2823 636 2894 Haec
661 2820 794 2893 cursim
820 2831 858 2894 et
881 2817 1144 2918 peregrinantis
1170 2819 1283 2893 instar
1313 2806 1604 2918 ὀτισθογριίφως
1630 2819 1764 2915 scripsi,
1791 2841 1855 2891 am·

469 2942 586 3038 pliora
601 2938 752 3038 posthac
769 2938 920 3012 daturus
937 2960 1049 3034 quum
1068 2937 1172 3035 copia
1189 2937 1432 3012 abundantior
1448 2935 1622 3011 doctrina
1638 2939 1833 3012 accesserit

543 3059 775 3156 Descriptum
792 3057 905 3132 habui
923 3057 968 3130 de
986 3055 1106 3155 lapide
1124 3057 1171 3131 nd
1187 3055 1376 3131 introitum
1394 3057 1533 3131 castelli
1550 3059 1660 3156 positi
1676 3083 1696 3132 e
1713 3059 1854 3158 regione

471 3181 605 3281 Coryci
631 3180 670 3252 in
697 3179 815 3253 insula
843 3179 959 3254 littori
975 3177 1118 3252 vicina‘.
1170 3179 1358 3252 immissus
1379 3177 1499 3252 fuerat
1514 3203 1619 3254 muro
1637 3178 1724 3253 dum
1741 3178 1856 3253 refice

469 3315 571 3375 retur
599 3299 788 3374 castellum
816 3311 854 3372 et
881 3295 1053 3396 opificum
1080 3297 1230 3395 injurias
1262 3297 1492 3396 gravissimas
1525 3323 1661 3396 passus,
1694 3299 1734 3374 id
1763 3297 1857 3396 quod

471 3425 666 3498 edocemur
694 3447 760 3520 per
784 3420 987 3520 fragmenta
1013 3421 1092 3518 ejus
1114 3420 1211 3494 inter
1236 3419 1429 3518 parietinas
1446 3419 1679 3494 circumcirca
1695 3419 1856 3517 jacentia,

472 3567 626 3640 quorum
640 3542 724 3629 duc,
742 3567 815 3639 qua
841 3543 988 3617 solertia
1013 3541 1126 3640 potui,
1155 3541 1261 3616 lateri
1278 3540 1410 3616 dextro
1436 3542 1567 3640 aptavi.
1618 3543 1760 3618 Ductus
1777 3565 1857 3640 quo

473 3689 543 3761 que
560 3664 763 3737 litterarum
780 3663 820 3735 in
836 3662 1002 3760 plurimis
1019 3663 1109 3736 locis
1126 3662 1289 3736 evanidis
1307 3661 1441 3736 similes
1458 3661 1544 3737 facti
1558 3675 1650 3736 sunt.

549 3781 699 3858 Contuli
716 3807 798 3856 cum
826 3807 908 3856 meo
929 3782 1135 3882 apographo
1152 3795 1189 3858 et
1206 3783 1360 3856 alterum
1378 3781 1547 3856 Borrellii
1564 3779 1665 3881 quod
1688 3806 1710 3856 a
1734 3779 1857 3856 Rossio

472 3904 518 3978 de
536 3901 788 4002 Bladensburg
816 3901 954 3991 habuit,
970 3902 1009 3976 in
1035 3926 1109 4000 quo
1137 3901 1387 4008 discrepantiae
1415 3901 1606 3993 notandae3
1641 3902 1680 3974 in
1707 3927 1741 3975 v.
1761 3903 1793 3976 5.
1809 3923 1856 3998 pr.

513 4153 650 4212 l'Fascia
665 4152 747 4210 Inscr
764 4168 783 4210 r.
799 4170 828 4228 p.
843 4119 908 4211 156ss
1193 4149 1327 4228 cogitavi
1340 4149 1371 4207 in
1385 4149 1488 4226 primis
1501 4149 1537 4208 de
1550 4147 1677 4220 Είααοα,
1692 4169 1757 4226 quae
1770 4145 1857 4209 etSe-

510 4259 522 4286 ⁶
543 4253 676 4312 Fortasse
700 4249 856 4311 Orambuso
877 4267 941 4326 quae
962 4267 980 4307 a
999 4248 1143 4309 Strabone
1192 4249 1264 4308 ῠοαι
1280 4249 1432 4328 appellata.

470 4360 649 4412 memoratur
675 4349 707 4409 iu
729 4348 786 4407 vol.
807 4365 849 4407 ιιι.
870 4367 898 4426 p.
919 4351 986 4408 224.
1011 4347 1141 4408 Tauchn.
