3952 5238
440 567 501 631 272
596 582 601 590 ·
990 563 1282 630 AUCTARIUM.
1514 565 1635 654 [rusca.
1649 586 1747 644 xnrv,
1760 587 1830 630 xcv.

440 753 569 818 Caesaris
584 752 618 816 in
633 752 775 840 imperio,
791 751 895 816 statim
911 765 981 838 post
995 751 1158 815 victoriam
1179 763 1323 838 partamP.
1368 748 1425 815 Ad
1439 748 1507 816 haec
1522 765 1646 818 tantum
1662 765 1832 839 respectum

438 860 534 924 habet
549 859 678 924 titulus:
701 857 755 922 sed
770 872 835 922 erat
847 857 1030 934 κατάποσις
1043 855 1181 932 ulterior,
1200 879 1324 942 nempe,
1340 855 1481 943 Augusti
1501 879 1617 922 nomen
1634 856 1828 922 Maximiano

440 963 635 1052 impertitum
649 966 700 1050 (ut
712 963 832 1028 dietum
847 965 971 1050 supra):
995 957 1109 1026 deinde
1124 959 1251 1049 partitio
1266 959 1349 1026 inter
1363 959 1527 1048 Principes
1540 961 1675 1049 imperii,
1689 963 1729 1028 ob
1739 987 1828 1049 quam

442 1072 546 1136 denuo
566 1086 718 1137 tentatam
733 1069 852 1156 aliquot
867 1069 956 1134 annis
980 1083 1059 1156 post,
1076 1067 1250 1134 Caesaribus
1274 1067 1314 1134 ed
1339 1068 1535 1157 regnandum
1556 1069 1709 1148 admissis,
1725 1069 1828 1134 dolent

443 1177 520 1241 adeo
536 1175 687 1254 historici,
700 1189 847 1261 tanquam
863 1198 926 1241 non
942 1174 1139 1254 κατάστασιν,
1155 1173 1260 1262 potius
1271 1197 1375 1240 remur
1390 1174 1623 1240 enervationem
1638 1189 1671 1240 et
1684 1175 1807 1242 lahama
1913 1161 1917 1173 ’

507 1283 653 1370 Degebat
674 1281 734 1346 hoo
758 1294 909 1368 tempore,
930 1279 1022 1346 sicuti
1042 1279 1172 1356 dictum,
1186 1277 1402 1346 Diocletianus
1424 1279 1509 1369 apud
1531 1279 1758 1358 Nicomediam,
1775 1281 1826 1348 ubi

443 1405 534 1454 antea
548 1387 785 1476 expeditionem
799 1400 962 1475 paraverat
979 1401 1088 1454 contra
1102 1387 1263 1465 Carinum,
1275 1401 1308 1454 et
1322 1411 1416 1476 quam
1431 1387 1572 1476 impense
1587 1388 1727 1454 aedificiis
1741 1412 1825 1454 orua-

443 1509 531 1560 verat
542 1509 578 1558 ut
592 1493 682 1560 fieret
696 1507 790 1582 caput
802 1517 905 1560 rerum
919 1494 1132 1560 Romanarum
1147 1493 1182 1558 in
1195 1493 1334 1559 oriente.
1379 1493 1445 1558 Hic
1456 1507 1596 1582 receptos
1610 1493 1704 1560 finisse
1715 1493 1826 1583 legatos

443 1601 737 1692 Aphrodisiensium
761 1601 837 1666 dum
864 1601 898 1664 in
923 1599 1035 1666 itinere
1055 1599 1117 1664 fuit
1141 1597 1315 1687 Imperator
1337 1597 1377 1664 ad
1400 1596 1519 1662 bellum
1538 1621 1612 1664 cum
1624 1597 1766 1666 Varrane
1786 1599 1825 1664 11.

443 1709 692 1798 prosequendum
708 1705 915 1774 crediderim.

1087 1875 1193 1941 XLV.

501 2030 528 2091 1.
546 2030 776 2114 Λαμπρότατου
789 2026 937 2112 ἡγεμόνα.
955 2021 1008 2088 Sic
1018 2021 1052 2085 in
1060 2020 1153 2088 titulo
1168 2020 1196 2084 F
1197 2020 1376 2087 ellewiano
1388 2021 1543 2102 Tloensi²3
1559 2028 1608 2092 ἐπὶ
1619 2032 1676 2092 τοῦ
1687 2025 1825 2114 λαμπρυ-

443 2137 537 2202 uiroc
557 2141 605 2202 καὶ
628 2131 882 2220 θαυμασιωτάτου
907 2132 1065 2218 ἡγεμόνος
1084 2128 1234 2217 Φλαβίου
1252 2127 1412 2198 Κλαυδίου
1428 2129 1618 2216 (Ιαυλίαοῗ)
1637 2140 1824 2220 Μαρκιαυαῦ.

443 2239 611 2328 Hegemon
637 2249 704 2304 erat
718 2237 806 2314 Dran,
818 2237 945 2313 Proser,
958 2259 1023 2300 vox
1042 2233 1191 2300 latissimo
1212 2247 1338 2322 patens;
1361 2235 1439 2300 dicti
1455 2233 1541 2301 enim
1554 2235 1742 2323 Heyemones
1757 2239 1824 2304 Pro-

442 2348 595 2426 consules,
621 2344 735 2432 Legati
761 2342 901 2419 Oaesaris,
924 2342 1168 2415 Procuratores,
1195 2338 1293 2404 immo
1315 2351 1348 2404 et
1367 2338 1574 2426 Imperatores
1596 2339 1668 2428 ipsi,
1691 2357 1727 2406 ut
1751 2341 1824 2407 infre

443 2454 574 2519 dicetur.
637 2450 724 2516 Hine
749 2449 784 2513 in
807 2447 884 2514 VV.
904 2446 970 2511 LL.
999 2445 1185 2530 (secundum
1212 2443 1449 2533 opistographa)
1479 2445 1596 2534 scripsi,
1624 2460 1825 2515 ootnmernorot

440 2561 529 2648 prior
544 2557 715 2623 erectionem
736 2553 819 2617 muri
838 2575 901 2641 per·
922 2550 1140 2628 Corutontium,
1153 2549 1258 2636 filiam
1283 2550 1410 2616 aterum
1425 2549 1545 2638 Mopsi.
1590 2553 1705 2640 Atqui,
1726 2553 1751 2619 si
1770 2555 1822 2619 hoc

442 2687 552 2729 verum
567 2662 617 2738 sit,
634 2658 703 2745 quis
718 2658 843 2736 dixerit,
860 2681 954 2744 quare
970 2657 1083 2722 absunt
1106 2654 1192 2720 tituli
1212 2653 1405 2743 imperatorii
1425 2681 1444 2722 a
1463 2656 1590 2724 nomine
1600 2659 1732 2746 jamjam
1751 2661 1824 2724 inter

443 2771 580 2836 Caesares
594 2763 719 2834 relato?
763 2763 872 2830 Restat
895 2762 992 2850 igitur
1017 2759 1171 2826 sententia
1185 2759 1352 2846 quemdam
1372 2761 1504 2826 alterum
1520 2762 1618 2830 afilio
1634 2765 1823 2832 Constantini

441 2875 639 2942 nominatum
650 2883 683 2936 et
691 2868 832 2955 ejusdem
843 2867 931 2955 quasi
942 2865 1041 2932 atatis
1052 2865 1105 2932 hic
1114 2866 1294 2932 memorari:
1310 2867 1365 2933 sed
1376 2867 1511 2934 rationes
1522 2869 1756 2961 chronologicas
1769 2874 1822 2938 boc

443 3003 507 3044 non
522 2979 637 3055 turbat,
651 2987 688 3042 ut
699 2975 781 3041 insra
795 2973 966 3063 apparebit.

507 3088 536 3151 5.
561 3083 809 3171 Μητροπόλεως.
855 3079 908 3146 Sic
933 3077 1108 3167 appellatur
1126 3077 1333 3166 Aphrodisias
1347 3077 1382 3143 in
1393 3079 1513 3144 Notitio
1528 3079 1695 3161 Hieroclis,
1711 3107 1822 3149 necnon

444 3193 477 3256 in
492 3187 623 3278 epistola
637 3185 753 3252 Leonis
771 3185 861 3270 cujus
886 3183 1079 3249 mentionem
1104 3181 1180 3248 fecit
1202 3181 1411 3262 Mannertus',
1437 3197 1470 3250 et
1492 3184 1527 3250 in
1552 3185 1645 3252 titulo
1661 3187 1821 3276 Mylasensi

444 3294 528 3382 apud
540 3292 764 3359 Pocookium'.
811 3291 1031 3379 Supplendum
1045 3306 1092 3356 est
1106 3289 1270 3356 manifesto
1284 3289 1319 3356 in
1334 3293 1491 3380 proximo,
1507 3317 1537 3358 v,
1550 3299 1579 3362 9.

509 3403 538 3466 6.
560 3400 744 3479 Ἀυευεώθα.
789 3401 904 3464 Exstat
918 3398 952 3464 in
966 3399 1059 3465 titulo
1081 3398 1160 3487 ipsu,
1175 3399 1305 3465 barbare
1327 3398 1487 3488 seriptum,
1511 3401 1695 3482 ἆυαιυεώθη,
1718 3433 1730 3471 ε
1748 3417 1779 3468 et
1795 3431 1821 3470 αι

444 3527 656 3594 sepenumero
670 3527 743 3570 oum
762 3503 899 3569 invicem
925 3504 1052 3568 mutatis
1078 3503 1112 3566 in
1135 3526 1276 3569 sermone
1298 3505 1516 3572 recentiorum.
1562 3508 1781 3577 conficcxxn.
1798 3513 1821 3573 7.

447 3612 500 3679 Sic
525 3627 558 3676 et
583 3642 612 3689 η,
632 3640 671 3688 αι,
688 3609 721 3675 in
734 3609 866 3676 dialecto
882 3609 1025 3690 AEolum,
1040 3623 1168 3675 notante
1189 3609 1364 3676 Fischer.
1410 3611 1550 3678 Multum
1566 3639 1641 3681 vero
1664 3616 1698 3682 in
1719 3616 1824 3684 talibus

477 3863 489 3898 ν
506 3855 564 3905 Vide
575 3855 704 3904 mamona
718 3857 782 3904 ffist
792 3859 832 3904 der
844 3857 914 3920 Emp.
927 3864 944 3906 t
954 3872 989 3907 rr.
1006 3873 1043 3920 pp
1057 3861 1111 3908 500.
1196 3857 1203 3887 ⁸
1223 3856 1286 3903 Dian
1295 3857 1345 3904 itin·
1353 3871 1394 3918 per
1402 3857 1490 3905 Asiam-
1499 3859 1581 3920 min-p·
1591 3861 1646 3912 239.
1659 3863 1735 3925 Lyda,
1745 3879 1765 3911 n
1775 3866 1821 3911 12⁷.

443 3957 473 3989 ss.
485 3955 517 3988 ex
528 3940 638 4000 Eutropio
648 3947 671 3987 et
680 3941 768 3988 Oresio.
1162 3955 1184 4000 p.
1198 3941 1253 3988 387.
1272 3941 1343 3988 Insor.
1356 3941 1447 3990 Biickh.
1459 3957 1482 3990 n.
1495 3947 1567 3992 4241.

475 4027 569 4076 scona
589 4027 735 4074 Iactantde
751 4033 818 4072 mort.
831 4041 918 4088 perrea
937 4039 984 4076 vrr.
1003 4041 1041 4088 pp.
1054 4030 1076 4076 6.
1089 4029 1111 4075 8.
1195 4025 1288 4074 rconr
1299 4025 1823 4083 submurmurantem-r

444 4110 522 4159 Aurei.
532 4109 593 4156 via
605 4111 691 4168 pma.
1163 4111 1198 4160 tia
1208 4127 1275 4173 prox.
1289 4128 1311 4160 v.
1325 4116 1347 4162 7.

478 4201 486 4226 ¹
504 4196 608 4242 lactant
626 4194 661 4240 De
679 4197 746 4240 mort
758 4201 868 4254 persecut.
881 4208 900 4242 c
913 4208 978 4244 xvu.
990 4209 1029 4258 pp
1042 4199 1111 4246 7-15.
1194 4203 1205 4228 ¹
1224 4197 1307 4258 Gaogr.
1320 4203 1375 4246 tom.
1383 4211 1419 4246 vr.
1432 4198 1458 4246 P.
1469 4201 1491 4248 8.
1503 4213 1526 4261 p
1536 4203 1589 4250 142.

445 4281 536 4332 libanii
547 4279 680 4328 Oratvur.
692 4279 778 4339 ptos.
1195 4289 1211 4314 '
1226 4283 1668 4350 commemoratores

478 4375 487 4398 ·
504 4365 618 4427 Panegyc
627 4363 680 4412 Vst
693 4363 758 4413 Orat.
767 4375 792 4411 rt
805 4377 842 4424 pp
855 4364 908 4411 125.
920 4378 949 4411 aa
1194 4374 1207 4400 ¹
1223 4367 1278 4416 Not.
1291 4369 1422 4419 adWeller.
1432 4385 1454 4432 p
1464 4373 1503 4420 86.
