3956 5248
168 537 644 626 rusca.cnxx1x.-cnxxx111.]
765 536 951 607 SARDES.
1499 545 1561 610 887

169 742 237 795 est:
269 725 326 792 sed
349 723 460 812 opinor
485 723 591 811 polius
610 723 705 790 fuisse
721 723 868 790 Graeeum
891 723 980 810 quid,
1006 724 1088 792 sieut
1109 725 1144 790 in
1167 724 1294 792 Biiekh.
1319 750 1352 792 n.
1380 727 1478 794 3432.
1501 728 1568 797 Me·

167 837 318 902 tredem-
364 831 418 900 Sic
435 829 560 896 illelius
572 830 663 910 infin,
678 856 711 899 v.
724 834 756 897 9.
771 831 860 918 cujus
872 831 1019 899 defimcta
1033 847 1099 900 erat
1113 837 1133 912 ἡ
1146 833 1293 921 θρέπτρια
1307 857 1362 900 seu
1378 833 1563 922 θρίπτειραο,

168 943 280 1007 altrix.

763 1111 974 1179 CLXXXII.

237 1265 267 1330 1.
292 1265 437 1349 Μάρκον.
459 1271 517 1326 eie.
572 1259 718 1326 Titulum
738 1259 882 1328 ascensui
903 1258 1162 1346 Philadelphenis
1176 1272 1304 1346 propter
1318 1259 1467 1326 nomina:
1489 1259 1563 1324 vide

168 1393 256 1459 supr.
284 1387 421 1434 cnxxm.
447 1366 499 1431 10.
525 1388 548 1430 s.
573 1385 706 1430 cunm.
733 1365 765 1430 2.
821 1363 1010 1452 congruunt
1033 1387 1158 1448 quoque
1181 1387 1251 1449 quae
1277 1365 1316 1429 de
1342 1363 1521 1432 sacerdotiis
1543 1389 1562 1429 s

167 1474 305 1542 Manilio
320 1488 353 1540 et
364 1472 541 1560 Hermippo
551 1470 646 1560 gestis
656 1481 830 1548 narrentur,
845 1468 880 1534 in
894 1468 1003 1558 primis
1017 1467 1261 1534 Artemisiseum
1276 1470 1462 1556 posterioris,
1476 1470 1561 1556 quod

167 1595 249 1670 puto
272 1593 305 1645 ei
327 1578 361 1644 in
381 1577 443 1642 hoe
465 1575 557 1642 titulo
575 1574 741 1640 memorari
766 1573 801 1639 in
815 1599 847 1638 v.
860 1575 932 1638 6-7.
977 1573 1065 1654 Quid
1079 1596 1154 1638 vero
1168 1573 1398 1662 supplendum?
1441 1576 1561 1663 Ἱερέως

168 1691 389 1776 Ἀρτεμισίουῖ
433 1685 480 1748 At
494 1683 564 1772 plus
584 1707 674 1768 aequo
700 1681 796 1748 distet
819 1681 901 1747 illud
914 1681 1036 1769 Ἱερέως
1059 1679 1232 1769 evestigiis
1255 1680 1417 1746 literarum
1437 1703 1508 1766 quae
1527 1681 1561 1746 in

169 1815 326 1858 marmore
341 1787 504 1876 conspexi.
549 1787 681 1874 Oonjeei
696 1787 867 1864 Βασιλέως,
890 1801 922 1852 et
941 1799 1025 1854 certe
1046 1785 1243 1852 notissimum
1265 1797 1312 1852 est
1326 1784 1484 1851 Romanos
1505 1785 1562 1850 hs·

169 1898 277 1965 buisse
292 1919 362 1962 suos
377 1895 473 1980 Reqes
486 1893 668 1982 sacrificulos
681 1892 733 1958 vel
746 1903 929 1958 sacrorumi:
950 1892 1014 1957 hue
1028 1891 1154 1958 fortasse
1169 1891 1297 1980 respicit
1313 1895 1452 1979 Πάτριος
1468 1900 1561 1960 Βασι-

170 2007 249 2082 λεύς
269 2001 342 2068 infr.
367 2021 501 2068 cxcvrn.
516 2002 546 2066 d.
600 1999 640 2065 In
654 2024 686 2064 v.
700 2000 751 2065 10.
768 2000 841 2085 jure
867 1999 1003 2066 restituit
1024 1998 1187 2065 Biickhius
1215 1999 1391 2076 Μυλειτῶν,
1418 1997 1504 2084 quod
1526 1996 1561 2062 in

169 2131 327 2176 marmore
349 2105 460 2194 reperi.
512 2103 671 2168 Nimirum
697 2103 828 2170 ductum
852 2103 954 2170 fuerat
976 2128 1091 2170 nomen
1116 2129 1135 2172 a
1159 2106 1280 2170 molinis
1303 2127 1371 2190 quae
1398 2103 1501 2170 sdhuc
1526 2102 1560 2168 in

170 2213 286 2280 itinere
311 2210 422 2277 Sardes
437 2232 554 2288 versus,
573 2208 612 2273 sd
626 2206 746 2274 radices
761 2207 879 2288 Tmoli,
903 2209 1148 2298 conspiciuntur.
1199 2209 1284 2275 Dein
1302 2209 1472 2276 certissime
1491 2224 1564 2276 suni

172 2323 273 2402 Κύμη
287 2323 442 2404 ἐτεῐμησεν
452 2316 487 2380 in
501 2339 534 2379 v.
552 2316 602 2380 11.
640 2314 780 2393 Exinde,
796 2339 853 2403 per
866 2341 920 2382 vv.
935 2318 1062 2396 15-18.,
1077 2315 1196 2382 indicis
1209 2316 1384 2382 litiersrum
1403 2315 1438 2380 in
1457 2317 1562 2407 lapide

169 2424 266 2492 valde
280 2423 408 2488 eonium
422 2435 514 2487 sunt:
537 2420 610 2487 dedi
624 2421 806 2488 minusculis
821 2447 890 2510 quae
904 2423 1026 2512 potiora
1040 2423 1131 2488 duxi.

237 2528 330 2592 AEtss
354 2526 438 2592 tituli
459 2537 525 2592 erat
548 2525 676 2614 epoehae
693 2525 830 2592 Actiseae
853 2551 905 2592 sn.
922 2529 994 2592 260.
1011 2529 1048 2592 P.
1060 2528 1098 2593 Ο.
1115 2529 1189 2594 230.
1213 2527 1305 2595 [10.
1324 2531 1397 2596 983.
1414 2542 1446 2596 et
1460 2529 1561 2596 Alex-

172 2631 266 2698 andri
282 2630 400 2708 Severi‚
416 2653 586 2719 npurpurs
599 2629 720 2708 induis,
739 2652 773 2696 x.
817 2631 892 2698 Hoe
906 2634 1056 2702 convenit
1069 2635 1187 2722 optime
1201 2636 1322 2702 nomini
1337 2637 1371 2702 in
1382 2663 1415 2706 u.
1429 2641 1458 2702 2.
1475 2651 1507 2706 et
1529 2639 1565 2704 in

173 2739 226 2804 tit.
239 2757 381 2804 cnxx111.
399 2737 451 2802 11.

755 2908 983 2976 CLXXXIII.

243 3059 272 3120 2.
298 3061 478 3142 Χρυσέρως.
499 3051 596 3117 Nom.
608 3049 821 3116 Alabandeus.
838 3049 961 3118 Bdekh.
978 3075 1011 3117 n.
1030 3053 1125 3122 2902.
1151 3053 1276 3142 Smym.
1297 3056 1397 3142 ejusd.
1413 3081 1446 3126 n.
1463 3058 1562 3124 3151.

174 3165 229 3230 15.
274 3160 325 3228 De
340 3157 469 3226 donario
482 3157 518 3224 in
533 3182 584 3224 vv.
597 3179 690 3245 prox.
704 3170 877 3224 memorato
891 3157 965 3224 vide
979 3172 1086 3224 notam
1101 3159 1142 3226 ad
1155 3160 1206 3226 iit.
1218 3181 1295 3229 cv11.
1307 3162 1338 3227 6.
1350 3185 1435 3250 supr.

207 3415 221 3436 ⁰
237 3405 316 3466 Burin
334 3404 416 3452 mom
434 3405 488 3454 198.
502 3400 536 3450 Ἣ
553 3397 656 3450 παίδων
676 3397 810 3464 θρέπτειρ’,
828 3399 845 3447 d
896 3399 1029 3450 nuntium
1040 3407 1231 3448 ermtssemrum
1249 3403 1356 3462 prsddes
1367 3401 1522 3468 Ἀρχοντες,
1542 3408 1565 3455 in

173 3491 266 3556 τροίας
287 3488 437 3554 ’.ἀρχαγοὺς
461 3487 534 3552 εἶχον
559 3483 644 3550 τιμάς.
676 3485 736 3533 Vide
758 3485 846 3533 roilus
896 3481 1103 3546 ιΙίἰεπρυτάνεις.
1134 3485 1198 3533 coni.
1211 3484 1306 3532 Assur
1318 3485 1387 3535 Polit.
1399 3501 1434 3536 vr.
1447 3491 1468 3536 8.
1491 3489 1567 3549 Span-

174 3591 222 3626 v11,
235 3579 257 3624 3,
896 3569 957 3615 hem.
970 3569 1005 3616 De
1017 3569 1068 3616 Usu
1079 3575 1120 3616 eie.
1133 3583 1170 3629 pp.
1184 3571 1238 3616 694.
1252 3583 1281 3617 ss.

208 3665 222 3700 r
238 3659 274 3708 De
284 3658 328 3718 his,
347 3657 386 3718 qui
399 3657 471 3718 noyer
487 3655 617 3713 audiebant,
635 3653 691 3714 quis
702 3651 778 3702 Sacris
788 3667 847 3714 pm-
930 3653 1025 3701 Habent
1035 3654 1106 3716 igitur
1114 3653 1221 3716 legentes,
1234 3659 1336 3714 spectata
1346 3657 1395 3704 sive
1403 3658 1566 3705 consuetudine

174 3739 560 3802 mantolimekeffl'bnriaetimtis,
573 3738 742 3786 Ponnfieivero
753 3739 846 3797 subdiu,
898 3739 1003 3786 Romrnns
1021 3740 1070 3786 sive
1093 3739 1188 3797 Grau.-
1202 3740 1263 3799 quod
1284 3742 1388 3802 vestigiis
1409 3743 1435 3788 in
1453 3756 1566 3790 marmore

173 3838 202 3879 ui
225 3829 314 3877 invidis
335 3826 433 3874 nominis
457 3825 581 3884 tolleretur,
605 3824 664 3870 eoni.
688 3823 784 3884 Dionys
811 3835 846 3870 lv.
896 3825 1015 3884 obsequuii
1030 3829 1126 3882 tentent,
1143 3826 1330 3874 ΒΑΣΙΛΕΩΣε
1356 3827 1473 3876 siGraem
1489 3828 1566 3888 magis

174 3907 848 3974 uisurumiiv.11.2.stdibi.cic.0rasl>ro
896 3909 1002 3966 arrident,
1030 3911 1218 3957 ΑΡΧΟΝΤΟΣ.
1253 3909 1304 3956 Hoc
1325 3910 1419 3958 somme
1444 3911 1565 3971 praeismm

175 4001 246 4048 Dour.
260 4009 312 4044 xrv.
324 3995 425 4042 inumb.
436 3993 527 4042 Sarum.
540 4005 557 4040 1.
571 3994 608 4040 18.
620 4006 643 4052 p.
656 3994 710 4039 278.
723 3992 775 4050 Bip.
801 3991 847 4038 Tit.
898 3993 1015 4039 habebunt
1039 3993 1132 4052 plurimi
1151 3995 1175 4040 in
1194 3993 1243 4041 loeo
1262 3999 1354 4042 tentum
1372 4009 1418 4041 non
1437 3996 1563 4055 desperem,

175 4085 269 4134 Gruter.
281 4091 453 4140 urrnxxxvu.
470 4091 494 4125 n.
507 4079 529 4124 8.
547 4076 594 4124 Hie
605 4081 640 4124 esi
651 4091 719 4137 quem
736 4081 849 4122 memorat
898 4077 962 4124 ducti
979 4077 1003 4123 in
1020 4078 1100 4137 primis
1118 4092 1159 4138 per
1174 4079 1305 4140 analogiam
1321 4079 1407 4139 polius
1417 4081 1565 4129 Athenimsis

176 4167 323 4216 Herodianus
342 4165 366 4210 in
382 4163 443 4210 Hist.
462 4176 478 4209 1.
496 4164 518 4210 9.
537 4159 670 4218 Βασιλεύς.
704 4160 750 4209 Sed
764 4165 788 4206 et
798 4166 848 4207 erat
898 4163 1057 4223 inquirimus
1072 4177 1103 4210 ex
1120 4163 1274 4211 Archontibus
1289 4165 1404 4225 mysteriis
1424 4166 1564 4225 providebat.

177 4245 306 4306 Βασιλεύς
321 4259 437 4293 sacrorum
449 4245 618 4304 Panioniomm,
629 4249 689 4292 teste
699 4245 812 4293 Strabone
822 4245 847 4290 in
897 4246 970 4308 Atqui
977 4248 1014 4294 hie
1024 4253 1048 4294 et
1056 4247 1181 4304 Βασιλεύς
1189 4249 1302 4296 audiebat
1317 4247 1383 4297 conr.
1392 4256 1439 4297 noi„
1448 4249 1565 4312 Schweig-

176 4348 234 4384 νιιι.
251 4337 273 4384 7.
289 4347 311 4393 μ
328 4333 383 4380 220.
397 4331 423 4377 Τ.
443 4329 494 4378 Hoc
511 4330 573 4390 apud
592 4329 735 4379 Prienenses:
755 4329 779 4375 in
797 4328 849 4376 eliis
898 4327 963 4378 nius
975 4331 1006 4378 sd
1016 4331 1161 4390 Athenaenm,
1175 4344 1208 4378 vr.
1219 4333 1256 4380 28.
1269 4345 1290 4390 p.
1304 4331 1358 4378 288.
1370 4330 1386 4376 i.

821 4409 906 4472 31³2
