4004 5264
409 560 428 624 6
972 554 1232 622 PRAEFATIO.

407 746 554 846 gredior
575 769 666 842 quos
688 769 737 818 ex
760 741 903 817 schedis
932 743 1159 840 potissimum
1190 739 1440 818 Sherardianis
1468 740 1574 815 docte
1598 740 1801 836 etcopiose

408 887 575 960 tractavit
592 884 787 972 B'ockhius,
817 897 858 958 ut
887 885 926 958 in
950 886 1050 959 Teiis
1077 885 1265 983 paululum
1295 885 1497 959 consistam.
1549 885 1612 956 Me
1639 883 1677 955 in
1700 881 1800 956 hisce

409 1028 575 1124 quaedam
602 1028 794 1126 protulisse
821 1053 896 1102 non
922 1029 1075 1102 antehac
1092 1028 1261 1126 evulgata
1283 1051 1423 1110 censeo,
1441 1051 1581 1124 nempe,
1602 1023 1801 1122 fragmenta

410 1168 640 1242 decretorum
670 1169 792 1268 asyliae
818 1169 902 1265 jura
931 1167 1165 1242 statuentium
1187 1191 1268 1263 quae
1286 1164 1606 1264 Polyrrheniorum
1625 1162 1801 1262 Cydonia·

409 1323 599 1406 torumque
625 1307 736 1382 luisse
765 1307 937 1405 suspicor,
965 1317 1142 1402 quatenus
1170 1329 1218 1376 ex
1245 1302 1394 1376 materia
1421 1303 1612 1399 superstite
1637 1298 1802 1398 judicare

411 1473 565 1546 possum.
633 1449 727 1522 Haec
764 1472 1008 1546 congerierum
1043 1471 1110 1544 ope
1145 1470 1227 1542 quaa
1261 1444 1425 1519 ediderat
1458 1445 1544 1518 olim
1580 1444 1801 1534 Chishulus,

411 1587 531 1660 denuo
554 1585 708 1662 abhinc
733 1588 872 1684 aliquot
895 1613 1007 1662 annos
1024 1612 1108 1662 cum
1132 1599 1305 1685 apparatu
1318 1587 1444 1660 critico
1466 1586 1648 1660 exactiore
1663 1587 1802 1664 B'ockh·

413 1725 481 1812 ius,
499 1724 648 1822 explere
665 1736 816 1798 conatus
834 1749 923 1810 sum,
937 1727 988 1799 ita
1001 1739 1130 1813 tamen,
1141 1717 1183 1800 ut
1195 1726 1418 1800 eruditorum
1434 1727 1620 1799 sententiis
1638 1751 1726 1823 quas
1739 1753 1805 1825 pro

411 1865 634 1940 humanitate
662 1863 808 1937 illorum
836 1875 873 1936 et
902 1863 1067 1936 doctrina
1095 1862 1252 1960 prolatas
1279 1862 1395 1934 velint
1421 1887 1479 1934 me
1514 1887 1654 1935 summo
1683 1864 1802 1938 studio

413 2009 700 2104 obsequuturum
719 2003 924 2102 spondeam.
976 2003 1082 2090 Dein,
1105 2003 1200 2076 inter
1219 2003 1356 2090 Graeca,
1374 2027 1488 2076 unum
1506 2016 1544 2076 et
1560 2002 1712 2077 alterum
1731 2029 1803 2076 non

413 2151 573 2239 antehac,
588 2175 661 2246 qua
676 2149 767 2224 mihi
786 2148 876 2222 scire
894 2145 1056 2243 contigit,
1068 2145 1216 2231 editum,
1235 2143 1281 2216 de
1299 2144 1446 2241 regione
1463 2143 1597 2217 illustri
1608 2144 1804 2218 Homerica

412 2291 611 2388 reportavi;
638 2291 743 2388 plura
769 2289 918 2387 insuper
945 2289 1084 2376 Latina,
1116 2313 1198 2383 quae
1228 2289 1349 2362 omnia
1376 2287 1505 2362 ditioni
1533 2287 1803 2360 Alexandrensi

412 2430 614 2505 addicenda
629 2431 842 2528 putaverim.
894 2431 1040 2504 Eminet
1069 2431 1164 2504 inter
1185 2428 1344 2528 Phrygia
1370 2427 1469 2524 quod
1493 2429 1539 2503 de
1562 2452 1739 2501 marmore
1766 2427 1804 2500 in

413 2568 534 2640 viculo
551 2567 786 2668 Ipailt-lisatir
811 2567 922 2674 (Jlas
942 2564 1075 2678 mla-db
1102 2555 1388 2666 ψιλόκαστρον)
1408 2565 1591 2664 descripsi,
1608 2566 1673 2640 ubi
1696 2566 1803 2638 situm

413 2708 523 2781 luisse
551 2706 697 2781 videtur
724 2706 897 2804 oppidum
925 2705 1142 2795 Attudense,
1175 2705 1314 2780 dudum
1342 2706 1439 2803 apud
1473 2708 1665 2805 scriptores
1692 2706 1804 2779 dere

414 2846 660 2921 nomismatica
686 2847 880 2945 cognitum.
949 2847 1028 2920 Nec
1053 2846 1252 2920 Lacinense
1281 2845 1463 2928 tacuerim,
1494 2846 1593 2942 quod
1622 2847 1805 2920 mentione

414 2988 568 3062 nominis
590 2987 685 3062 lacta
710 2986 907 3084 plurimum
929 2985 1070 3060 consert
1096 2985 1143 3060 ad
1167 2987 1277 3060 situm
1304 2983 1470 3083 oppiduli
1486 2987 1619 3060 veteris
1648 2986 1805 3060 indican-

415 3128 512 3215 dum,
530 3126 680 3202 fortasse
698 3128 876 3227 Lysinoes
889 3128 1071 3221 Livianae;
1099 3127 1219 3201 sedin
1235 3126 1306 3201 hoc
1323 3126 1454 3201 haereo
1488 3127 1650 3200 Dederat
1667 3127 1805 3202 dudum

415 3269 642 3344 Arundcllus
669 3271 784 3344 literis
813 3271 1026 3345 minusculis
1060 3271 1283 3369 descriptum
1310 3270 1349 3342 in
1373 3293 1481 3368 opere
1504 3270 1710 3362 notissim03
1738 3293 1805 3368 ego

414 3411 520 3508 quale
538 3435 694 3484 marmor
712 3409 965 3509 suppeditavit,
985 3412 1077 3484 etin
1094 3411 1217 3508 paucis
1235 3409 1468 3484 emendatius.

474 3533 629 3626 ‘Cetera
646 3553 903 3649 praetermissis,
922 3579 1003 3650 quae
1020 3553 1229 3652 singillatim
1245 3552 1385 3651 prolata
1400 3551 1606 3650 legentibus
1622 3549 1805 3624 fastidium

414 3689 602 3775 moverint,
630 3689 934 3762 unumdumtaxat
959 3691 1127 3764 excitabo
1153 3690 1192 3762 in
1215 3713 1288 3786 quo
1314 3687 1568 3786 pertractando
1594 3688 1727 3762 laboris
1756 3687 1807 3760 in·

415 3827 591 3903 fructuosi
607 3854 681 3903 non
701 3829 794 3902 nihil
809 3829 994 3928 insumpsi.
1050 3831 1283 3928 Descriptum
1309 3829 1421 3905 habui
1444 3832 1489 3906 de
1512 3831 1631 3929 lapide
1659 3833 1696 3906 in
1725 3855 1805 3905 arce

417 3970 479 4065 (ut
507 3967 744 4066 crediderim)
773 3967 951 4066 Sillyensi,
978 3967 1025 4042 ad
1052 3967 1308 4042 duodecimum
1335 3967 1480 4042 circiter
1511 3994 1533 4044 a
1561 3970 1680 4068 Perga
1706 3969 1809 4042 milli·

415 4108 529 4182 arium
562 4108 879 4206 septentrionalem
909 4107 1051 4206 plagam
1079 4131 1215 4195 versus,
1243 4106 1415 4204 bilingue,
1445 4132 1586 4206 nempe,
1614 4133 1662 4182 ex
1692 4109 1808 4206 patrio

415 4271 579 4320 sermone
596 4249 832 4322 barbarorum
850 4261 887 4322 et
906 4249 1036 4325 Gracco
1055 4248 1205 4323 AEolum
1223 4247 1428 4322 conflatum.
1463 4249 1665 4324 Habebunt
1679 4249 1719 4322 in
1735 4248 1808 4337 illo,

415 4387 452 4460 ni
477 4386 592 4477 fallor,
609 4413 792 4464 musarum
819 4401 1013 4465 sectatores
1039 4389 1288 4476 laudatissimi,
1307 4391 1371 4486 qui
1396 4391 1435 4464 in
1460 4413 1624 4464 sermone
1643 4389 1808 4466 archatco
