3952 5238
161 609 449 689 rescanxxvrrr]
708 604 1031 674 APHRODISIAS.
1500 617 1560 680 321

235 789 386 876 Denique
400 801 526 854 exstent
540 811 632 856 voces
646 789 748 879 τάφοι,
767 798 867 872 cneci,
877 797 976 881 ἡρῷα,
993 806 1083 881 σῆμα,
1097 795 1194 876 dien*
1210 795 1310 884 <unde
1325 800 1559 886 σομοτοθὴκη),

159 899 301 976 πύελος,
316 901 470 986 πΰργοςῑ,
485 905 685 986 trop-,ima
694 900 780 966 varie
795 900 829 964 in
844 901 1067 990 sepulcralibus
1081 917 1246 991 usurpatae.
1284 905 1408 970 Harum
1424 907 1560 972 secunda

163 1017 200 1070 et
216 1002 316 1069 tertia
330 1002 453 1092 ἐξόχως
467 1003 652 1092 religionem
667 1004 869 1086 indicabant3
900 1031 973 1073 nam
989 1012 1085 1087 σηκὸς
1110 1023 1176 1076 erat
1190 1010 1315 1098 proprie
1337 1012 1504 1077 sacrarium
1527 1013 1560 1076 in

162 1109 294 1196 templo
307 1109 363 1174 ubi
377 1109 478 1196 posita
486 1125 533 1176 et
547 1111 652 1200 imago
666 1112 834 1179 numinis¹z
849 1115 966 1180 exinde
981 1117 1158 1204 sepulcrum
1168 1119 1320 1208 religione
1331 1121 1399 1207 ipsa
1413 1120 1559 1206 injuriam

162 1213 371 1304 prohibens⁸.
414 1215 542 1304 Ἡρῷον
557 1230 623 1282 eret
641 1217 675 1282 in
690 1218 799 1307 primis
813 1221 964 1287 sucellum
975 1221 1063 1288 heroi
1078 1223 1233 1290 dicatum:
1256 1225 1310 1290 sed
1325 1239 1357 1292 et
1371 1229 1472 1314 ἥρωες
1483 1225 1560 1292 dicti

163 1324 258 1414 apud
279 1323 405 1389 Graeeos
420 1327 449 1392 oi
463 1335 635 1412 μακορῖτοι,
642 1325 714 1412 sato
724 1326 864 1413 defundi,
876 1327 956 1391 utin
974 1328 1076 1414 priore
1090 1327 1197 1395 libello
1211 1331 1366 1418 exposuib.

236 1431 321 1496 Ibid.
344 1431 532 1518 Ἀδράστου.
575 1430 700 1498 Nomen
722 1433 838 1520 pluries
853 1434 983 1501 obvium
997 1435 1032 1500 in
1051 1437 1112 1501 titt.
1128 1437 1445 1525 Aphrodisiensium
1468 1437 1559 1502 adeas

163 1538 328 1606 Iudicem.
373 1537 542 1625 Comparet
562 1562 687 1624 quoque
710 1539 745 1603 in
763 1541 900 1606 nummis
923 1542 1078 1608 civitatie.
1122 1545 1296 1631 Adjectum
1319 1546 1557 1635 Polychronius,

162 1647 300 1712 fortasse
308 1655 435 1733 propter
449 1644 660 1734 adoptionem.
688 1645 829 1712 Obvium
843 1648 903 1715 hoc
918 1673 1032 1716 nomen
1047 1651 1081 1716 in
1096 1651 1144 1717 tit.
1171 1653 1317 1720 Sherard.
1334 1654 1418 1741 apud
1432 1651 1556 1718 Bdckh.

163 1775 198 1817 n.
212 1751 311 1816 2839.
327 1775 359 1815 v.
370 1752 399 1816 5.

235 1865 269 1928 4.
295 1866 408 1931 Λοιτά.
451 1862 599 1928 Intiiulo
622 1857 764 1926 ΛΥΠΑ.
815 1860 868 1926 Sic
890 1861 965 1928 alibi
988 1861 1213 1943 ΝΕΩΠΥΟΙ,
1232 1855 1437 1930 ΑΝΥΞΑΙᾱ.
1486 1867 1557 1932 Ali-

162 1979 298 2067 quando
312 1995 344 2046 et
359 1976 644 2048 Yoonvertebetur
668 1980 702 2046 in
723 1975 786 2055 ΟΙ,
808 1995 845 2046 ut
865 1977 1151 2049 ΔΙΟΝΟΙΣΙΟΣ
1179 1986 1214 2051 in
1241 1986 1303 2052 titt.
1329 1999 1423 2052 nostr.
1458 2007 1555 2051 onxrr.

162 2107 351 2154 ccxxxvur.
394 2087 517 2176 Nempe
543 2087 726 2155 Iotccismus
751 2089 837 2178 apud
859 2090 984 2156 Graecos
1013 2091 1199 2159 recentiores
1222 2092 1379 2158 invaluit&
1433 2091 1555 2158 Idcirco

161 2193 357 2262 crediderim
390 2193 615 2274 marmorarios,
648 2196 878 2285 orthographiae
907 2221 1019 2286 parum
1050 2198 1213 2278 studiosos,
1247 2197 1432 2286 scripturam
1468 2219 1556 2260 suam

162 2299 340 2386 aliquando
370 2324 445 2366 sono
471 2301 726 2378 accommodasse,
756 2313 788 2367 ct
816 2302 892 2368 hinc
921 2304 1063 2370 subortos
1097 2329 1224 2383 errores,
1260 2305 1442 2392 permutetis
1472 2301 1554 2366 invi-

162 2430 237 2474 cem
264 2429 330 2470 non
354 2419 477 2472 tantum
497 2436 524 2484 v,
547 2435 585 2483 οι,
608 2405 714 2471 sedet
740 2437 768 2484 η,
793 2436 814 2486 ι,
838 2435 874 2484 ει,
896 2407 1004 2494 quales
1026 2421 1058 2475 et
1081 2407 1116 2474 in
1135 2409 1228 2475 codd.
1253 2423 1285 2476 et
1309 2407 1445 2474 nummis
1470 2407 1557 2495 ipsis‘

161 2511 386 2600 conspicimus.

230 2619 365 2685 Notavit
379 2619 499 2685 dudum
514 2618 677 2686 Biickhius
700 2619 934 2685 conversionem
955 2649 984 2688 οι
1008 2620 1043 2685 in
1062 2652 1081 2689 υ
1096 2644 1232 2709 persaepe
1252 2621 1286 2685 in
1302 2619 1447 2685 Baeoticis
1469 2641 1553 2684 com-

161 2736 302 2814 parere&
347 2724 386 2788 In
403 2723 452 2788 his
467 2738 499 2790 et
513 2723 580 2788 aliis
591 2723 718 2788 fortasse
733 2723 876 2790 videmus
890 2725 1089 2812 ingruentem
1099 2725 1296 2791 iotacismum
1312 2725 1366 2811 qui
1381 2747 1554 2790 sermonem

161 2829 357 2895 hodiernum
372 2828 554 2894 Graeccrum
569 2827 646 2892 adeo
658 2826 818 2893 deformat.

233 2935 263 2999 8.
280 2932 462 3020 Ὕστληγα.
508 2931 623 2998 Sensus
648 2931 710 2996 loci
736 2944 797 2998 est:
820 2931 956 2999 Omnem
974 2956 1080 2998 curam
1105 2933 1275 3001 adhibento
1296 2934 1425 3000 heredes
1439 2936 1502 3001 mei
1516 2951 1552 3001 ut

162 3039 298 3106 violatio
313 3063 332 3104 a
345 3038 466 3104 tomulo
485 3037 706 3126 prohibeatur3
729 3037 777 3104 sin
796 3039 995 3128 neglexerint
1017 3040 1078 3107 hoc
1100 3041 1211 3120 facere,
1231 3040 1437 3108 hereditatem
1462 3043 1553 3108 adeat

163 3145 359 3236 Aphrodite,
380 3146 441 3212 hoc
462 3159 516 3223 est,
536 3144 647 3234 religio
671 3145 738 3232 ejus
764 3145 902 3212 ornanda
927 3159 959 3212 et
984 3146 1192 3213 sustentanda.
1236 3148 1370 3235 Nempe,
1390 3147 1472 3214 inter
1487 3148 1550 3214 Ro·

165 3443 184 3476 ι.
199 3430 221 3474 1.
231 3425 269 3473 12.
286 3421 414 3470 Aucvict.
426 3431 517 3468 extu.
529 3423 589 3466 extr.
623 3415 727 3476 inscript.
741 3415 831 3465 Gruter.
883 3414 1247 3482 ‚jvmfggwpgmmrmg
1261 3415 1438 3480 pggovopmc
1452 3418 1548 3483 ἔχουσα

162 3521 332 3562 mm
343 3509 365 3554 2,
883 3501 1015 3560 πλείονας,
1040 3501 1069 3551 ἓν
1091 3499 1130 3560 οἷς
1155 3503 1229 3562 σηκοὶ
1251 3505 1304 3550 τῶν
1328 3502 1548 3563 τετελευτηκότων

196 3603 213 3628 ·
225 3597 325 3657 Lycorg.
337 3593 390 3640 adv.
403 3591 503 3638 iecerat
517 3601 555 3636 ιιι.
573 3587 628 3634 'litt
640 3587 692 3634 inti.
704 3598 773 3634 cxvi.
785 3601 815 3634 τι
882 3587 1013 3650 ὑπῆρχον.
1034 3587 1169 3637 citolocum
1180 3601 1226 3633 non
1233 3591 1323 3634 unium
1334 3589 1364 3634 ad
1374 3587 1549 3636 illustrationem

198 3685 211 3712 ¹
228 3677 332 3726 reum
341 3673 418 3735 Lycia,
431 3671 535 3732 oppono
544 3671 573 3718 Α.
585 3671 621 3717 tit
633 3671 686 3718 195.
881 3675 950 3732 vocis,
963 3674 1002 3721 sed
1012 3679 1035 3720 et
1046 3677 1137 3732 propter
1153 3672 1266 3732 insignem
1280 3673 1461 3720 convenientiam
1472 3673 1547 3732 sepul-

197 3761 285 3809 risio
303 3773 342 3806 nn.
355 3759 407 3805 101.
425 3757 479 3804 102.
512 3753 697 3815 videorquoqne
713 3754 772 3802 mihi
790 3755 832 3803 ob·
881 3771 971 3804 crorum
992 3771 1045 3804 eum
1066 3757 1133 3802 hodie
1154 3755 1280 3815 conspectis
1300 3756 1325 3802 in
1345 3756 1416 3816 Lycia
1435 3761 1458 3804 et
1477 3757 1547 3804 Pam-

162 3860 269 3898 masse
279 3841 391 3908 πύργον,
399 3839 553 3906 τοργίστον,
563 3839 589 3886 in
597 3839 756 3887 Attalensibus
762 3839 832 3887 Pam·
881 3843 968 3904 phylia.

162 3931 258 3995 phylira
267 3929 436 3976 inicooxxrv.
448 3939 478 3972 sc
914 3925 1057 3976 Ι’Ἧᾱοιιοι
1070 3929 1169 3988 pita

196 4024 207 4050 ¹
221 4015 281 4063 Vide
303 4011 473 4072 Schweighius
490 4009 611 4056 Αιιοοιοτί.
627 4009 653 4055 in
667 4007 778 4056 Herodot.
794 4021 831 4056 vr.
912 4019 923 4044 ⁰
939 4013 1033 4059 Eckhei
1045 4013 1076 4059 D.
1087 4011 1178 4059 Met.
1192 4024 1218 4058 rr.
1230 4025 1253 4071 p
1264 4013 1318 4060 575.
1330 4013 1352 4058 b.

163 4106 203 4151 le.
220 4103 257 4150 15.
291 4098 354 4145 Hinc
368 4095 534 4144 restitutionem
543 4095 568 4141 in
579 4093 615 4140 tit
627 4105 706 4141 cnvrr.
723 4092 765 4141 ult.
777 4093 833 4141 satir
913 4095 925 4129 ἅ
941 4097 1001 4144 Vide
1011 4095 1061 4142 intr.
1075 4108 1154 4142 nm.
1168 4097 1237 4142 8.11.

162 4179 410 4246 pmbatmexnfimc.
912 4179 1054 4225 ‘'Iiriemcir
1063 4177 1340 4236 Gr.Gr.1ntrod.i.xv11.
1353 4175 1545 4234 Matutinus

196 4274 208 4302 Ι
224 4264 342 4314 videtin.
354 4262 456 4310 Fellowa
465 4261 505 4308 ubi
513 4275 574 4320 supr.
589 4262 642 4309 153.
656 4262 709 4309 155.
738 4261 830 4308 Diodor.
914 4257 923 4292 ¹
938 4260 1033 4307 Eckhei
1045 4260 1085 4308 ubi
1093 4275 1154 4320 supr.
1166 4275 1188 4320 p
1197 4263 1251 4309 577.
1260 4261 1282 4306 1).

162 4369 230 4407 mr.
239 4351 358 4416 71.’ορος
366 4351 421 4400 ἐστὶ
433 4351 462 4399 ri
472 4346 634 4412 καλούμενον
644 4345 790 4410 βασιλικόν,
803 4347 832 4398 ἐν
913 4353 926 4388 ¹
941 4345 1008 4406 corp
1019 4345 1090 4394 inser.
1102 4345 1147 4393 roi
1157 4359 1173 4394 ι.
1186 4359 1208 4406 p.
1219 4347 1272 4394 723.
1281 4345 1304 4392 b.

162 4441 184 4510 ᾧ
199 4445 252 4492 τῶν
261 4433 394 4502 pardius
406 4435 530 4500 ὑπῆρχον
541 4431 564 4483 oi
583 4431 666 4498 τάφοι·
683 4431 766 4499 πέτρα
781 4433 832 4498 γὰρ

228 4540 346 4590 rasore.
362 4539 397 4584 11.
833 4514 852 4578 2
869 4531 888 4576 r
