3992 5240
455 599 515 662 106
860 589 1217 660 INSCRIPTIONES
1239 589 1432 658 GRAECAE.
1526 589 1841 679 [remanserant

454 795 690 858 recenserem,
718 769 851 844 inveni.
902 766 1072 842 Notnnda
1101 767 1139 840 in
1169 765 1269 842 hisce
1299 765 1500 865 prasertim
1530 763 1720 862 sequentia
1746 763 1843 836 duxi.

455 895 500 967 In
518 919 551 966 v.
573 894 982 978 immacutatum
1001 889 1101 988 quod
1119 892 1182 965 Bo.
1203 895 1580 964 stannatatnaea
1639 887 1685 962 In
1703 888 1736 960 2.
1748 887 1844 960 Borr.

456 1018 538 1089 ΟΥ.
562 1015 625 1087 Βὸ.
642 1015 818 1086 ΤΑΧΟΥ.
874 1008 968 1084 Ibid.
997 1009 1101 1082 Borr.
1127 1013 1344 1094 ΑΝΕΙΣΘΑ,
1372 1007 1435 1082 Bo.
1464 1010 1699 1081 ΑΝΕΙΣΘΑΙ.
1757 1003 1847 1078 Dein

458 1131 562 1203 Borr.
585 1131 938 1214 ΤΑΥΤΗΣΙΕΡΑΡΕ
967 1127 1030 1202 Βό.
1057 1130 1447 1201 ΑΥΤΗΣΙΕΡΑΤΕΚΑ.
1514 1125 1560 1198 In
1587 1126 1620 1198 3.
1644 1125 1746 1199 Borr.
1780 1129 1847 1196 ΑΥ·

458 1252 828 1340 ΤΗΕΕΙΔΡΥΗΘΑΕ,
853 1257 891 1320 et
908 1246 976 1320 sub
988 1243 1049 1318 fin.
1068 1251 1210 1332 ΑΙΑΚΕ,
1229 1269 1312 1342 quae
1328 1245 1392 1322 Bo.
1405 1249 1847 1334 ΑΥΤΗΤΕΕΙΔΡΥΣΘΑΙ,

458 1374 738 1444 ΑΝΑΚΕΙΣΘΑΙ
754 1374 864 1441 ·ΔΙΑ.
921 1368 965 1442 In
988 1370 1022 1440 4.
1042 1368 1478 1452 Borrfirtfflrmett,
1506 1365 1607 1463 quod
1633 1367 1697 1440 Bo.
1724 1371 1848 1440 ΕΝΑΡ·

462 1497 489 1562 Γ
490 1493 851 1565 ΕΙΣΕΠΙΦΑΝΕΙΑΣ.
917 1490 962 1566 In
984 1515 1017 1562 v.
1041 1492 1073 1563 5.
1095 1514 1179 1563 cum
1204 1489 1360 1566 lectione
1388 1501 1512 1566 nostra
1542 1487 1687 1564 videtur
1716 1489 1848 1583 ubique

460 1607 663 1681 consentire
680 1631 801 1704 apogr.
817 1609 919 1684 Borr.
972 1607 1017 1682 In
1045 1605 1166 1680 medio
1193 1606 1339 1683 circiter
1364 1605 1474 1682 habet
1502 1608 1566 1682 Bo.
1583 1610 1700 1681 ΤΟΥ.
1758 1605 1847 1680 1116.

463 1732 752 1803 ΕΠΟΝΥΜΟΝ.
810 1729 854 1802 In
887 1731 917 1801 t.
947 1727 1007 1802 fin.
1033 1752 1124 1801 vers.
1156 1729 1257 1802 Borr.
1287 1733 1379 1804 ΠΛ.
1400 1781 1409 1801 .
1431 1731 1765 1809 ΙΝΜ.ΝΑ.ΜΙΣ,
1791 1725 1847 1797 Bt.

463 1851 572 1920 ΓΙΑΡ.
593 1899 602 1919 .
622 1851 991 1920 ΙΝΜΕΝΑΡΤΕΜΙΣ.
1061 1847 1105 1918 In
1137 1847 1169 1919 8.
1186 1845 1247 1920 fin.
1268 1847 1369 1920 Borr.
1388 1851 1676 1933 ΛΟΙἹΟΙΣΕΝΣ,
1698 1869 1784 1918 cum
1807 1844 1850 1916 la·

460 1991 554 2040 cuna
569 1966 607 2040 in
624 1965 738 2064 princ.
757 1965 823 2042 ubi
841 1967 904 2045 Βό.
922 1971 1042 2038 ΩΝΑ.
1088 1967 1133 2038 [n
1152 1968 1184 2040 9.
1199 1969 1302 2040 Borr.
1320 1973 1425 2040 ΕΛΛ.
1438 1969 1610 2052 ΝΙΚΟΙΣ,
1624 1961 1724 2062 quod
1741 1965 1847 2038 etBo.

462 2087 627 2186 suppleta
644 2085 695 2160 lit
713 2089 783 2160 tu.
847 2085 892 2158 In
911 2087 967 2160 10.
981 2086 1058 2159 init.
1076 2087 1177 2160 Borr.
1198 2091 1666 2171 ΕΤΕΜΙΣΙΟΝΕΝΩΙΗΝΙ,
1685 2085 1778 2158 etin
1794 2084 1848 2156 fin.

464 2213 666 2282 ΚΑΤΙΡΡΟ.
736 2205 828 2278 Hoc.
847 2207 909 2280 Bo.
931 2211 1125 2280 ΚΑΙΙΕΡΟ.
1192 2207 1236 2278 In
1258 2209 1312 2279 11.
1330 2205 1424 2278 med.
1452 2206 1553 2278 Borr.
1574 2208 1850 2279 ΕΓΙΙΤΕΛΟΥΝ·

408 2397 412 2404 .
459 2334 560 2412 ΤΑΕ,
587 2329 650 2402 Βὸ.
671 2329 1033 2402 ΕΠΙΤΕΛΟΥΝΤΑΙ.
1094 2326 1139 2398 In
1159 2329 1215 2399 12.
1235 2326 1311 2400 init.
1332 2327 1434 2400 Borr.
1452 2331 1626 2400 ΑΠΟΛΕΙ
1646 2341 1713 2398 etc.
1733 2339 1772 2398 et
1788 2326 1850 2397 sub

461 2445 520 2518 fin.
537 2449 682 2520 ΟΕΟΥ.
739 2443 923 2517 Lacunam
946 2443 985 2516 in
1014 2445 1126 2540 princ.
1157 2445 1301 2543 supplet
1329 2446 1391 2522 Bo.
1408 2451 1581 2520 ΤΗΤΕΡ.
1650 2447 1694 2518 In
1724 2449 1783 2520 13.
1802 2469 1850 2542 pr.

461 2565 564 2637 sorr.
595 2573 674 2638 ε..
696 2617 705 2637 .
727 2569 1004 2658 moratos,
1034 2567 1096 2640 sa.
1126 2571 1411 2642 sanentur<
1439 2579 1505 2640 ea.
1565 2567 1611 2639 111
1636 2569 1691 2638 14.
1709 2565 1770 2638 fin.
1791 2569 1849 2638 ss.

462 2687 622 2756 ΘΕΙΟΥ.
679 2683 724 2754 In
744 2685 799 2754 15.
818 2681 920 2754 Borr.
938 2685 1192 2777 ΤΟΜΛΤΟΣ,
1210 2681 1295 2756 dein
1320 2681 1429 2758 finem
1446 2709 1538 2758 vers.
1556 2691 1722 2758 ΛΝΛΚΕΙ
1739 2689 1851 2760 .οΑ1-

460 2807 645 2877 Tuom.
714 2801 759 2874 In
788 2803 967 2876 lusorr.
986 2805 1523 2880 ΔΟΚΙΝΑΣΕΝΝΔΑΤΟΥΔΕ
1552 2817 1619 2878 etc.
1672 2805 1716 2878 In
1736 2808 1792 2878 17.
1809 2806 1851 2877 ab

462 2923 540 2994 init.
572 2923 673 2994 Bon.
700 2927 814 2995 ΑΙΤΗ
847 2974 856 2994 .
892 2974 902 2994 .
936 2927 1001 2995 ΕΡΙ
1027 2934 1093 2995 etc.
1161 2928 1522 2999 ΘΡΗΣΚΕΡΛΙΙΔΙΟ
1553 2977 1563 2996 .
1595 2977 1605 2996 .
1632 2928 1750 2999 ΔΙΟΥ
1778 2979 1788 2998 .
1819 2979 1851 3004 ι.

463 3066 545 3136 quae
562 3039 781 3116 B'ockhianis
798 3051 1012 3138 congruunt.
1076 3042 1121 3113 In
1142 3043 1196 3114 18.
1214 3041 1292 3115 init.
1312 3043 1412 3116 Borr.
1433 3048 1801 3119 siromasten.
1819 3059 1852 3116 et

463 3164 500 3234 in
519 3164 578 3236 fin.
599 3169 703 3236 ΕΝΑ.
760 3163 804 3234 In
835 3164 889 3234 19.
908 3161 986 3234 init.
1007 3159 1108 3233 Borr.
1127 3167 1538 3237 ΣΗΙΕΡΑΣΑΓΕΣΟΑΙ.
1605 3163 1650 3236 In
1678 3165 1735 3237 20.
1753 3163 1801 3236 id.
1819 3165 1851 3234 in

464 3310 516 3381 pr.
538 3289 691 3358 Ε.οΥΣ
720 3295 786 3356 etc.
816 3283 880 3358 Bo.
901 3286 1089 3356 ΔΕΙΟΥΣ.
1145 3281 1190 3354 In
1213 3285 1272 3354 22.
1290 3283 1367 3355 init.
1386 3283 1486 3355 Borr.
1509 3288 1846 3360 ΙΟΥΤΗΟΕΩΟΥ.

463 3410 608 3480 mae
625 3417 691 3478 eto.
727 3405 789 3478 Bo.
810 3405 1219 3476 ΝΟΥΤΗΘΕΩΟΥΤΩ
1235 3413 1302 3475 etc.
1338 3403 1382 3475 In
1401 3403 1458 3475 23.
1476 3427 1529 3500 pr.
1548 3403 1649 3477 Borr.
1670 3409 1852 3479 ΗΣΗΠΟ-
1971 3389 1972 3411 ¹

393 3507 397 3512 ’
463 3531 588 3600 atzar
608 3577 617 3596 .
641 3577 651 3596 .
672 3577 682 3597 .
701 3528 816 3597 ιΔοε
832 3535 899 3596 ea.
919 3520 1055 3595 deinin
1072 3520 1155 3610 fine,
1174 3528 1274 3596 εγΛ.
1331 3523 1394 3598 Bo.
1410 3530 1510 3597 aar
1527 3536 1594 3597 etr.
1612 3523 1650 3596 in
1667 3523 1727 3598 fin
1749 3532 1846 3598 eun.

464 3646 508 3716 In
526 3646 584 3716 24.
602 3667 745 3717 mecum
763 3643 934 3716 convenit
950 3667 1072 3740 apogr.
1091 3643 1193 3715 Borr.
1250 3645 1373 3718 Habet
1397 3647 1463 3720 Bo.
1482 3651 1642 3720 ΕΙΣΤΟ.
1659 3698 1668 3718 .
1684 3698 1695 3718 .
1711 3699 1720 3718 .
1734 3653 1846 3719 ΝΤΑ.

539 3767 599 3840 Ex
616 3765 683 3839 hac
700 3766 890 3840 collatione
909 3777 1057 3864 apparet
1074 3764 1241 3862 quaedam
1268 3767 1307 3840 in
1332 3767 1440 3840 titulo
1458 3766 1601 3862 qualem
1624 3766 1663 3838 in
1684 3764 1852 3842 fasciculo

464 3889 584 3987 priore
602 3887 701 3961 edidi
718 3887 964 3962 emendatiora
988 3886 1068 3961 fieri
1094 3899 1269 3985 oportere,
1294 3913 1338 3962 ea
1353 3887 1390 3962 in
1408 3887 1534 3985 primis
1556 3911 1637 3983 quae
1660 3885 1706 3960 de
1734 3911 1851 3961 mense

467 4010 685 4108 AEgypmco
871 4107 1068 4184 Oecaregena
1082 4105 1131 4166 filo
1145 4107 1438 4185 vestigia-„-

463 4254 571 4354 paulo
587 4249 815 4326 festinantius
832 4251 1068 4348 conjeceram.

539 4373 705 4450 Titulum
730 4373 910 4471 insignem
937 4376 975 4448 in
1000 4375 1213 4450 minusculis
1239 4399 1389 4478 appono.
1442 4377 1486 4451 Iu
1506 4401 1614 4476 opere
1633 4403 1742 4476 supra
1758 4379 1852 4454 dicto
