3972 5240
166 557 268 602 rusca.
280 539 386 626 crau]
614 537 926 640 AuEXANDRm
949 537 1109 604 TROAS.
1491 539 1551 602 187

446 723 1548 826 Pio.Felici.Aupurto.Tribcno.Popali.vr1.Cos.111.Procos.

340 849 361 918 5
414 843 1021 921 metallizataeoonatanrim.

421 963 773 1040 achartumnam
785 1022 791 1036 .
802 964 852 1036 M
848 965 1047 1040 ammianus
1058 1023 1066 1038 .

440 1083 660 1160 Nobdiaaimi
669 1081 839 1160 Caesares
851 1143 857 1158 .

245 1298 367 1370 Retuli
397 1323 445 1370 ex
466 1299 657 1372 columella
683 1297 801 1373 adhuc
827 1311 942 1372 stante
966 1299 1004 1370 in
1028 1297 1154 1370 eodem
1178 1295 1259 1370 loco
1276 1321 1359 1368 cum
1387 1295 1550 1391 superius

169 1429 364 1490 memorata
381 1431 488 1513 atque
502 1444 522 1493 e
535 1445 711 1494 marmore
729 1418 984 1519 porphyretico
1003 1417 1164 1492 conflata
1213 1416 1360 1492 Summa
1376 1440 1458 1512 pars
1475 1427 1551 1488 erat

169 1535 244 1610 lere
261 1549 336 1610 tota
351 1539 643 1636 inscriptionibus
654 1552 832 1638 cooperta,
847 1565 928 1638 quae
940 1563 1037 1626 vero,
1052 1536 1240 1636 superficie
1256 1536 1386 1634 lapidis
1403 1547 1551 1634 propter

170 1659 260 1731 aeria
290 1659 499 1755 temperiem
533 1671 771 1756 putrescente,
798 1661 916 1734 visum
946 1659 1172 1758 effirgiebant.
1234 1657 1362 1734 Graeca
1394 1659 1550 1756 primum

170 1779 319 1876 agnovi3
348 1778 478 1852 deinde
496 1779 625 1853 Latina
641 1780 808 1854 inferiore
828 1781 910 1854 loco
936 1781 1069 1877 posita3
1100 1779 1347 1852 intercedebat
1375 1779 1552 1874 scriptura

170 1923 277 1994 quam
296 1898 589 1974 Graecissantium
610 1901 871 1996 pronuntiarim
895 1901 1013 1998 specie
1036 1900 1165 1973 litterae
1186 1906 1221 1974 V
1241 1899 1280 1971 in
1298 1923 1340 1972 ea
1356 1911 1549 1996 apparente

170 2019 328 2093 edoctus.
396 2017 461 2092 Ad
486 2019 613 2092 laevam
640 2019 792 2118 vestigia
824 2019 1116 2118 quamplurima
1149 2043 1187 2092 se
1219 2017 1421 2116 prodebant
1454 2019 1550 2092 tituli

172 2141 298 2212 Latine
327 2140 526 2236 compositi,
553 2141 674 2213 verius
704 2139 859 2214 dixerim
876 2141 1065 2216 ammana
1075 2174 1089 2230 ;
1114 2141 1237 2213 oculos
1263 2139 1374 2213 habui
1396 2151 1548 2237 paratos,

171 2261 318 2347 tabulas,
338 2259 774 2358 stilum-nequidquam!

455 2487 474 2514 ‘⁶
485 2481 541 2537 Ter
554 2481 664 2538 frustra
677 2499 843 2558 comprensa
855 2499 958 2537 manus
970 2479 1074 2556 effugit
1087 2481 1189 2554 imago,

483 2580 541 2637 Par
552 2581 665 2638 levibus
678 2581 772 2640 ventis
785 2578 955 2654 volucrique
968 2579 1114 2636 simillima
1127 2581 1253 2636 somno·’'

244 2779 405 2852 Marmor
421 2779 538 2875 ipsum
556 2778 665 2853 fuisse
682 2781 804 2853 basem
828 2789 954 2852 statuae
980 2779 1019 2850 in
1044 2776 1219 2850 honorem
1237 2775 1455 2850 Diocletiani
1471 2801 1551 2849 con-

173 2901 304 2974 stitutae
331 2925 353 2972 a
376 2897 578 2974 Caesaribus
600 2901 726 2974 Flavio
753 2913 790 2974 et
813 2899 960 2977 Galerio
977 2896 1203 2974 crediderim.
1255 2896 1455 2970 Exstiterat
1483 2897 1551 2970 for·

172 3033 264 3094 tasse
281 3021 447 3094 etaltera
463 3021 676 3094 Maximiani
694 3021 864 3095 Herculis
881 3019 1102 3094 indumentis
1120 3018 1244 3093 ornati.

246 3140 450 3214 Molestiam
469 3142 549 3239 cepi
570 3143 763 3216 maximam
791 3167 839 3216 ex
864 3141 935 3214 hoc
961 3141 1068 3214 titulo
1097 3136 1336 3213 describendo
1363 3149 1553 3234 propterea

174 3259 271 3357 quod
288 3285 444 3334 marmor
460 3276 537 3336 erat
554 3263 679 3336 alienis
696 3261 787 3336 adeo
804 3273 1023 3358 coopertum.
1059 3259 1219 3334 Videtur
1235 3257 1428 3331 columella
1442 3255 1552 3330 fuisse

175 3381 292 3454 denuo
309 3381 488 3479 insculpta
504 3383 550 3455 ab
566 3381 772 3456 hominibus
790 3383 853 3478 qui
868 3381 993 3455 laudes
1010 3379 1257 3477 imperatorias
1273 3402 1348 3474 prae
1364 3377 1478 3476 gloria
1494 3379 1553 3451 vel

174 3497 426 3572 commoditate
443 3499 588 3597 propria
603 3525 729 3598 parum
760 3501 954 3574 curabant:
981 3523 1100 3596 neque
1117 3501 1219 3573 abest
1235 3497 1391 3596 suspicio
1408 3499 1553 3572 titulum

175 3630 384 3692 contextum
400 3618 439 3690 in
455 3618 628 3692 honorem
647 3618 863 3691 Diocletiani
879 3617 988 3692 fuisse
1011 3643 1032 3691 a
1050 3617 1262 3694 Christianis
1279 3617 1448 3692 atrociter
1464 3617 1554 3691 adeo

174 3737 311 3811 vexatis
330 3737 499 3824 deletum,
518 3749 671 3810 statuam
687 3735 836 3810 fortasse
854 3734 1125 3811 conculcatam'.

604 3978 618 4016 ¹
633 3980 714 4038 Conf.
726 3999 804 4057 supr.
819 3981 878 4038 titt
890 3995 974 4038 xtrv.
986 3993 1069 4036 xuvl.
