3952 5238
478 566 540 630 266
1022 558 1314 626 AUCTARIUM.
1649 557 1850 648 [mecerin.

480 751 629 818 Βλάστον
642 753 699 817 τὸν
723 754 772 818 ἐπὶ
796 756 852 816 τοῦ
867 754 1018 824 κοιτῶνος
1031 754 1088 815 τοῦ
1101 745 1265 834 βασιλέως
1278 745 1414 835 ρ’τοῦντο
1429 748 1566 833 εἰρήνην.
1610 742 1710 811 Varie
1725 744 1851 814 audiebat

479 857 626 924 audiebat
645 856 729 944 apud
744 855 916 921 Romanos:
939 856 1154 932 aediculas-iuss,
1170 855 1363 920 cubiculariis
1375 853 1487 941 ρρῑιῦῦ,
1502 851 1554 918 vel
1568 851 1713 930 σαόίαιία,
1720 853 1851 942 preposi-

479 973 549 1040 tusss,
565 986 672 1038 sermm,
687 961 738 1027 vel
750 963 885 1027 mimister
899 986 919 1026 α
933 963 1091 1027 cubiculoh.
1137 961 1216 1030 Erat
1230 977 1262 1032 et
1283 961 1418 1028 Decumo
1433 961 1706 1028 cutum-iamt

1113 1131 1239 1198 XLIV.

546 1263 646 1330 Cariae
671 1277 707 1328 ut
730 1261 901 1350 plurimum
927 1273 1107 1326 accensetur
1129 1255 1347 1348 Aphrodisias.
1406 1257 1460 1324 Sic
1483 1256 1687 1337 Pausanias¹;
1723 1265 1774 1328 καὶ
1800 1259 1846 1345 γὰρ

481 1375 550 1438 ὅσοι
575 1373 750 1457 μεσόγαιαν
776 1373 926 1447 οἰκοῦσιν,
960 1368 1077 1446 ἄλλοις
1106 1371 1138 1436 τέ
1171 1369 1234 1438 ἐστι
1268 1373 1318 1434 καὶ
1349 1373 1473 1454 Καρσὶν
1492 1363 1754 1454 Ἀφροδισιεῦσιν.
1796 1366 1847 1432 sa-

361 1513 363 1519 *
480 1477 602 1564 phcnus
624 1498 748 1561 quoque
763 1473 957 1565 Byzantinus
977 1473 1013 1538 in
1033 1473 1102 1538 loco
1117 1471 1173 1538 ubi
1192 1487 1225 1546 et
1247 1470 1390 1558 quedam
1406 1471 1445 1538 de
1460 1469 1642 1537 nominibus
1661 1471 1730 1558 ejus
1754 1470 1846 1544 tradit;

483 1581 714 1670 Μεγσλήπαλις
737 1631 769 1647 ..
810 1632 841 1646 ..
868 1580 993 1670 δευτέρα
1015 1581 1112 1658 πόλις
1136 1586 1269 1668 Κορίας,
1298 1583 1318 1658 ἡ
1342 1586 1401 1648 νῦν
1420 1577 1637 1668 Ἀφροδισιός,
1665 1583 1686 1658 ἡ
1715 1583 1846 1667 πρότερον

482 1688 630 1772 Λελέγων
652 1688 759 1762 πόλις.
790 1683 978 1768 Ὠνομάσθη
1005 1689 1054 1751 καὶ
1079 1684 1179 1760 Νινόη
1204 1681 1267 1750 ιἰπὸ
1293 1687 1403 1750 Νίνον.
1447 1681 1548 1748 Alibi¹
1571 1682 1654 1749 inter
1677 1683 1804 1772 Lydiam
1824 1695 1847 1746 et
1937 1677 1938 1680 ¹

482 1792 606 1859 Cariam
630 1792 729 1880 ponit,
745 1791 933 1858 Ptolemaeus
952 1791 1035 1858 inter
1049 1792 1142 1857 urbes
1153 1789 1249 1878 Nysae
1268 1803 1301 1855 et
1313 1789 1502 1856 Tralliumffi.
1546 1789 1678 1858 Liberos
1687 1792 1845 1880 spurcum

481 1925 560 1967 erues
574 1901 607 1965 in
622 1923 752 1968 recensu
766 1923 823 1965 suo
835 1899 1000 1965 civitatum
1015 1898 1116 1966 Cariae
1130 1912 1283 1964 memorat
1294 1897 1441 1976 Plinius,
1456 1895 1509 1963 cui
1523 1896 1663 1964 concinit
1676 1896 1711 1962 in
1730 1895 1845 1964 nliclcoo

481 2007 669 2072 Ptolemaeus
689 2007 744 2093 qui
766 2029 839 2072 cum
853 2006 1026 2096 Apollonia
1039 2019 1072 2071 ot
1082 2005 1298 2094 Trapezopole
1312 2005 1395 2072 inter
1408 2003 1649 2070 mediterraneas
1663 2004 1755 2070 urbes
1769 1999 1844 2068 Onia

481 2124 712 2284 enuhiiaerdtiatis
728 2217 768 2282 de
779 2217 850 2282 situ.
881 2217 1005 2283 Nomen
1020 2215 1158 2281 inditum
1172 2214 1266 2281 fuisse
1280 2225 1409 2303 propter
1423 2213 1545 2280 cultum
1559 2213 1755 2302 Aphrodites
1767 2212 1844 2279 scint

481 2349 598 2391 omnes.
642 2323 873 2391 Testimonium
898 2323 1035 2418 proferre
1057 2321 1133 2390 licet
1155 2346 1198 2388 ex
1218 2321 1382 2411 Appianos
1404 2321 1460 2408 qui
1483 2321 1518 2387 in
1534 2320 1658 2387 oraculo
1676 2320 1768 2387 Sulla
1779 2316 1843 2384 edito

479 2433 547 2500 haec
561 2433 676 2499 habet:

783 2565 1073 2580 ..........
1097 2520 1147 2582 καὶ
1162 2515 1226 2582 ἔστι
1240 2541 1288 2600 τις
1303 2511 1499 2602 όμβοόνουσι

782 2626 907 2710 Ταῦρον
922 2623 984 2690 ὑπὸ
1000 2623 1174 2709 νιφόεντος,
1191 2624 1273 2687 ὅπου
1287 2623 1490 2708 περιμήκετον
1505 2619 1583 2686 ἄστυ

784 2735 911 2817 Καρῶν,
928 2731 961 2796 οἳ
975 2733 1118 2798 ναίουσιν
1133 2729 1299 2813 ἐπώνυμον
1313 2725 1348 2803 ἐξ
1361 2725 1564 2815 Ἀφροδίτης.

546 2905 638 2970 Certe
654 2903 720 2968 deae
734 2899 829 2987 hujus
842 2899 954 2988 religio
968 2899 1108 2966 maxime
1118 2898 1263 2977 invaluit,
1277 2909 1314 2963 ut
1323 2897 1499 2964 Artemidis
1513 2896 1598 2986 apud
1608 2896 1768 2986 Ephesos,
1777 2889 1843 2978 quod

480 3024 633 3078 testantur
657 3008 789 3085 nummi,
804 3003 1030 3096 inscriptiones,
1045 3005 1184 3072 historia.
1229 3005 1269 3070 In
1288 3004 1464 3071 narratione
1487 3027 1543 3070 sus
1570 3003 1611 3070 de
1634 2999 1798 3070 cohibenda
1813 2993 1842 3058 h'·

480 3119 584 3186 centia
607 3117 765 3206 asylorum
780 3115 963 3181 Graecorum
987 3113 1152 3180 tutelarem
1175 3113 1302 3178 illorum
1317 3111 1478 3180 Venerem
1493 3109 1695 3200 praetendisse
1709 3099 1842 3198 postdtfis

481 3224 743 3313 Aphrodisienses
757 3221 852 3287 refert
867 3219 1020 3299 Tacitus,
1035 3219 1121 3307 quod
1131 3219 1205 3305 jura
1218 3218 1336 3285 factum
1357 3227 1456 3305 quum
1479 3217 1514 3283 in
1538 3217 1608 3306 ipso
1632 3223 1817 3281 monumento
1829 3229 1843 3270 ε

483 3329 639 3396 Sherardo
654 3328 775 3393 dudum
789 3339 921 3394 tractato
936 3326 1046 3393 eadem
1068 3327 1181 3415 religio
1196 3339 1229 3392 et
1242 3325 1330 3415 paris
1348 3327 1422 3412 jura
1435 3324 1522 3414 asylo
1537 3321 1729 3412 Aphrodites
1742 3318 1771 3384 in
1784 3311 1842 3380 civi·

479 3450 543 3502 tate
563 3431 859 3522 Aphrodisiensium
886 3445 918 3498 et
941 3430 1170 3497 Plarssensium
1196 3453 1341 3496 concessa
1364 3453 1383 3496 a
1404 3429 1449 3494 M.
1468 3428 1612 3495 Antonio
1631 3427 1842 3516 legunturque

480 3542 641 3609 Artemidi
656 3539 885 3630 Ephesiorum.
930 3539 998 3606 Nec
1021 3539 1107 3604 cedit
1130 3561 1330 3604 nummorum
1356 3537 1435 3602 fides
1461 3551 1530 3602 tum
1552 3536 1587 3600 in
1612 3529 1778 3601 autonomis
1790 3541 1842 3589 tum

513 3772 591 3821 tvm.
615 3776 662 3824 ors
682 3776 754 3836 spur
778 3777 807 3822 m
830 3775 901 3823 utus
918 3788 953 3822 vr.
975 3776 997 3821 r.
1031 3772 1148 3820 emmim
1232 3769 1512 3829 menstruanus

481 3865 611 3910 nurum.
1231 3858 1342 3921 “Garga
1355 3871 1382 3906 v.
1397 3859 1433 3904 11.

512 3955 525 3988 Ι
540 3947 656 3995 Aminiam
679 3961 733 3996 κεν.
755 3951 791 3996 10.
822 3961 916 3996 xxxix.
936 3950 958 3995 2.
990 3947 1055 3995 oonr.
1076 3945 1147 3992 Indic
1231 3947 1242 3971 ¹²
1260 3941 1285 3988 L
1295 3954 1319 3988 v.
1330 3941 1368 3988 νῦ.
1383 3942 1404 3988 7.

481 4032 580 4092 Dignitt
592 4033 617 4079 in
626 4031 687 4079 Edit
700 4033 792 4094 Bipont
1231 4033 1243 4057 ⁰
1260 4026 1308 4074 Ubi
1319 4039 1379 4084 supr.
1391 4037 1416 4071 v.
1429 4025 1451 4071 2.

513 4113 524 4147 Ι
540 4117 600 4164 Vide
621 4116 712 4166 Gruter.
736 4117 807 4165 Inscr.
833 4131 871 4177 pp.
895 4130 992 4166 nuxxv.
1019 4131 1057 4164 nn.
1084 4118 1105 4164 5.
1127 4117 1149 4163 8.
1232 4117 1245 4152 ⁹
1261 4111 1297 4159 De
1307 4109 1365 4159 Bell.
1378 4109 1446 4159 civil.
1456 4123 1472 4155 n
1485 4111 1523 4158 97.

481 4215 589 4250 nnxxvr.
602 4206 657 4251 nt.
1231 4196 1391 4245 russum
1404 4197 1442 4244 tt.

515 4283 521 4316 ¹
539 4285 631 4333 Sueten.
644 4287 668 4334 ἰα
677 4286 764 4334 Domit.
778 4299 842 4334 xvn.
1232 4289 1241 4314 ¹
1257 4281 1369 4332 chutun
1382 4281 1477 4342 Antiqq.
1485 4279 1525 4328 Aa
1538 4295 1559 4340 p.
1572 4281 1651 4330 losa
1664 4275 1746 4328 utut
1756 4289 1775 4321 n.
1785 4271 1840 4320 27³?-

513 4369 524 4402 λ
542 4371 568 4418 1.
577 4385 595 4418 ι.
609 4373 646 4419 26.
656 4375 677 4420 6.
1200 4371 1221 4416 h.
1232 4384 1254 4415 v.
1264 4371 1301 4416 10.
