3992 5240
427 565 489 630 104
635 615 639 622 .
832 560 881 624 ΙΝ
885 557 1187 626 SCRIPTIONES
1210 557 1408 624 GRAECAE.
1553 559 1819 648 [rusencxxxnr.

424 746 814 849 Diaw.presioe.Et
825 745 1049 845 Jmpauai
1062 745 1216 821 Uuaari
1226 805 1233 819 .
1243 745 1483 846 Aupusto.Et
1495 805 1502 819 .
1516 741 1820 824 Titanucoesari.

426 863 1822 970 Aupastifflitio‚Ercisami.Ephesia.Seatilius.Putlii.Filius.Vama-ia.

427 992 544 1067 Pollio
558 987 662 1065 Cum
673 1047 680 1061 .
691 986 806 1088 Ofillia
819 1043 825 1058 .
837 985 930 1059 Auli
940 1045 946 1058 .
957 985 1062 1060 Filia
1074 1045 1080 1058 .
1093 985 1216 1060 Bassa
1228 985 1357 1062 Urere
1367 1043 1373 1059 .
1385 984 1464 1062 Sua
1477 1045 1484 1058 .
1498 983 1550 1062 Et
1560 1045 1567 1060 .
1577 987 1665 1062 Caio
1679 987 1820 1088 uculo,

428 1104 1823 1206 ProiciamussaceraspiciensaasPaaam.De.Sua.Pemnta.

911 1225 1140 1301 Faciundum
1152 1285 1157 1298 .
1170 1223 1331 1302 Curunit.

510 1415 655 1488 Titulus
673 1414 845 1510 bilinguis
863 1415 1081 1488 erectionem
1099 1414 1333 1510 aquaeductus
1350 1427 1609 1488 commemorat
1631 1367 1823 1512 aquodani

435 1533 600 1606 Pollione
620 1559 793 1607 unacum
814 1536 968 1632 conjuge
988 1535 1111 1612 Ofillia
1137 1532 1333 1632 liberisque
1361 1561 1516 1634 quorum
1543 1549 1764 1610 memoratur
1789 1537 1824 1608 in

432 1656 562 1752 primis
581 1654 771 1728 Proculus.
823 1653 1001 1728 Addictio
1028 1656 1107 1750 ejus
1125 1653 1296 1742 statuitur
1312 1653 1449 1742 Dianae,
1468 1654 1650 1752 Augusto,
1669 1655 1824 1740 Tiberio,

432 1789 473 1847 et
489 1755 836 1872 populo'Ephesino.

507 1898 764 1996 Aquaeductus
792 1899 830 1971 in
857 1897 925 1972 hac
947 1899 1179 1996 inscriptione
1198 1899 1400 1996 appellatur
1410 1925 1502 1998 ports
1521 1891 1704 1998 (γέφυρα)
1722 1902 1824 1998 cujus

433 2023 590 2118 speciem
620 2019 732 2095 refert
758 2021 933 2094 convallis
956 2022 1046 2118 juga
1073 2045 1146 2116 quo
1176 2021 1258 2094 loco
1286 2021 1485 2094 arctissima
1513 2034 1568 2093 est
1593 2021 1823 2119 conjungens.

433 2144 541 2216 Jacet
558 2140 604 2217 ed
622 2141 788 2216 dextram
805 2143 874 2216 viae
898 2167 980 2238 quae
1008 2142 1054 2216 ad
1084 2143 1193 2216 situm
1212 2142 1436 2216 Trullensem
1454 2141 1565 2228 ducit,
1582 2139 1727 2215 circiter
1745 2155 1824 2216 octo

432 2261 546 2334 millia
569 2286 740 2359 passuum
757 2263 803 2335 ab
824 2286 905 2335 arce
930 2261 1120 2358 Ephesius,
1137 2261 1327 2358 fueratque
1355 2261 1596 2359 aquaeductui,
1618 2266 1723 2361 cujus
1745 2266 1822 2340 reli·

431 2383 526 2477 quiae
556 2382 594 2454 in
617 2381 766 2478 longum
792 2393 971 2479 protensae
998 2383 1123 2455 subter
1149 2407 1269 2456 arcem
1297 2382 1417 2457 adhuc
1438 2383 1719 2482 conspiciuntur,
1738 2387 1823 2460 anti·

433 2507 556 2603 quitus
574 2532 771 2580 connexus.
826 2508 898 2600 Qui
924 2509 994 2581 iter
1013 2508 1151 2581 faciunt
1168 2508 1214 2583 ad
1232 2509 1340 2582 situm
1359 2509 1558 2608 Magnesiae
1577 2510 1693 2619 ‘wll
1709 2507 1820 2606 &ll

434 2639 621 2700 transeunt
648 2626 849 2700 convallem
879 2651 945 2724 per
974 2625 1129 2701 fornices
1155 2653 1309 2725 quorum
1342 2641 1414 2702 tres
1436 2641 1521 2703 sunt
1542 2629 1739 2718 inferiores
1760 2657 1822 2706 sex

434 2772 551 2845 supra,
577 2771 685 2845 opere
717 2748 899 2844 exquisito
927 2761 973 2836 et,
1001 2763 1179 2846 quatenus
1209 2773 1355 2824 cernere
1385 2751 1496 2848 potui,
1523 2749 1642 2834 adhuc
1673 2749 1747 2824 fere
1775 2753 1823 2824 in·

433 2868 578 2941 columi.

510 2987 625 3060 Tituli
658 2985 837 3060 fornicum
871 2987 1069 3061 intervallis
1103 2989 1360 3082 inscribuntur,
1390 2989 1574 3062 Romanus
1607 2986 1653 3061 ad
1687 2989 1822 3076 laevam,

435 3110 585 3185 Graecus
613 3106 660 3180 ad
687 3106 864 3198 dextram,
882 3105 1105 3202 Magnesiam
1131 3105 1346 3202 petentibus.
1398 3107 1539 3180 Versus
1555 3106 1744 3201 utriusque
1762 3133 1822 3182 nu-

434 3253 534 3303 mero
551 3251 654 3324 pares
673 3238 766 3315 sunt,
784 3225 1023 3322 invicemque,
1040 3240 1218 3323 quatenus
1235 3227 1376 3314 licebat,
1394 3225 1623 3324 respondent

510 3346 635 3421 Edidit
654 3343 848 3421 Bbclrhius¹
869 3371 916 3418 ex
947 3345 1113 3442 spolior,
1130 3349 1236 3444 cujus
1254 3347 1439 3445 exemplar
1460 3346 1579 3419 minus
1601 3345 1733 3421 affabre
1755 3346 1822 3422 fac·

435 3480 512 3542 tnm
535 3467 638 3564 attigi
659 3467 697 3538 in
714 3465 893 3540 Auctario
911 3467 1088 3540 Fasciculi
1114 3467 1251 3563 primi⁰;
1279 3467 1364 3540 dein
1382 3466 1586 3556 Whelero⁰,
1605 3467 1821 3554 Chtshulla,

437 3586 812 3685 Choiseulgoufferiol,
841 3601 878 3660 et
908 3586 1051 3661 schedis
1068 3587 1310 3662 Kohlerisnis.
1362 3589 1495 3662 Denuo
1521 3598 1559 3660 et
1587 3585 1674 3685 ipse,
1692 3588 1823 3662 colluti·

436 3733 542 3782 onem
561 3706 756 3806 apographi
781 3705 981 3803 quodcum
1008 3719 1063 3780 tot
1092 3706 1171 3780 aliis
1198 3705 1288 3779 mihi
1315 3706 1513 3803 impertivit
1530 3707 1729 3780 Borrellius
1755 3707 1822 3781 fac-

436 3843 548 3914 turus,
566 3827 709 3902 accessi.

512 3951 555 4022 In
586 3947 693 4020 titulo
711 3947 841 4022 Graeco
867 3945 978 4018 habet
1004 3969 1124 4042 apogr.
1144 3945 1294 4019 Borrell.
1315 3949 1478 4030 ΕΦΕΣΙΑ,
1496 3970 1626 4044 nempe
1652 3949 1727 4021 sine
1746 3951 1824 4024 Iota

477 4171 484 4205 ¹
505 4171 565 4228 Ubi
579 4189 642 4244 sup.
657 4187 683 4244 p.
695 4165 762 4226 602.
778 4185 805 4222 n.
817 4167 903 4229 2958.
1197 4169 1210 4198 ⁰
1225 4163 1293 4221 ltin
1308 4183 1336 4240 p.
1347 4165 1413 4224 255.

477 4278 498 4306 ¹¹²
509 4269 577 4326 ltin.
592 4279 612 4325 t.
625 4283 667 4324 nr.
682 4285 709 4342 p.
722 4281 739 4322 1.
754 4283 781 4341 p.
794 4265 857 4322 135.
1199 4267 1212 4305 Ρ
1228 4263 1330 4339 Antiq.
1340 4263 1435 4321 Asiet.
1450 4282 1477 4339 p.
1488 4279 1519 4321 11.
1534 4283 1562 4340 p.
1576 4265 1621 4321 ll.
1637 4285 1666 4322 n.
1680 4267 1723 4325 13.

477 4364 620 4443 svtdep.
634 4361 697 4424 146.
1198 4362 1294 4439 qVoy
1317 4362 1384 4439 pin.
1396 4371 1493 4418 tumr.
1509 4381 1536 4438 p.
1554 4364 1617 4427 190.
