3956 5248
183 557 439 645 aurearoma]
729 558 999 624 ANTIOCHIA.

779 849 965 915 CCXLIX.

245 999 274 1062 b.
299 1001 327 1062 2.
356 1001 474 1085 Seryio.
510 999 626 1065 Tribus
641 1023 658 1065 e
673 999 803 1077 rusticis,
819 1025 837 1065 a
851 1013 945 1087 gente
961 1000 1100 1086 ejusdem
1115 1001 1250 1067 nominis
1265 1001 1357 1067 dicta.
1395 1001 1486 1067 Conf.
1496 1015 1560 1068 not.

182 1102 222 1166 ad
245 1103 292 1168 tit.
314 1125 412 1168 cxxx.
436 1106 463 1168 l.
484 1127 568 1192 supr.
588 1117 619 1169 et
645 1103 786 1168 Frontin.
807 1103 847 1168 de
864 1103 1053 1190 Aquaeduct.
1074 1126 1109 1168 11.
1125 1107 1197 1171 Art.
1220 1109 1290 1173 129.
1321 1106 1433 1173 Cetera
1455 1108 1490 1173 in
1513 1109 1560 1174 tit.

179 1225 289 1298 patent
304 1235 345 1276 ex
363 1211 505 1299 Siglario.

244 1341 270 1380 c.
295 1319 323 1382 2.
347 1317 465 1397 AEdili,
480 1331 540 1384 etc.
557 1319 698 1385 AEdilem
713 1319 842 1385 Caesaris
857 1320 916 1402 (sic
926 1321 1012 1384 enim
1026 1320 1162 1408 expedio
1174 1321 1305 1409 siglum)
1318 1322 1453 1387 eundem
1467 1321 1560 1386 fuisse

179 1420 311 1486 arbitror
325 1447 397 1487 cum
413 1423 545 1502 Cereali,
562 1425 616 1511 qni
631 1425 827 1514 magistratus
842 1439 945 1490 ortum
960 1427 1071 1493 habuit
1085 1452 1105 1492 a
1114 1429 1135 1492 J
1137 1427 1202 1492 ulio
1218 1427 1366 1493 Oaesare'.
1411 1427 1560 1495 Officium

177 1546 244 1597 erat
264 1558 392 1622 praeesse
407 1560 546 1614 annonae,
570 1537 727 1604 frumento
748 1537 972 1616 distribuendo,
999 1551 1031 1604 et
1051 1539 1133 1604 ludis
1156 1538 1248 1605 sacris
1272 1538 1394 1604 Cereris
1419 1538 1453 1602 in
1477 1538 1560 1603 circo

178 1637 316 1703 edendis.
348 1639 395 1704 Hi
411 1639 515 1706 aediles
530 1653 619 1706 erant
635 1641 816 1716 Duumviri,
832 1653 868 1704 ut
882 1653 1003 1706 constat
1017 1664 1059 1706 ex
1073 1641 1142 1706 loco
1158 1639 1270 1705 Dionis
1285 1640 1318 1704 iu
1333 1653 1408 1706 nota
1422 1641 1561 1725 subjecta

178 1763 365 1815 memorato:
381 1750 483 1816 sedin
500 1751 649 1840 Siglario¹
665 1752 758 1816 video
769 1763 801 1816 et
818 1747 941 1815 lllVlli
957 1795 966 1814 .
983 1747 1072 1814 ΑΕΒ
1084 1795 1093 1814 .
1105 1747 1206 1816 CER.

242 1857 269 1918 3.
297 1855 439 1920 Curatcm'
461 1857 575 1922 AErar.
610 1857 700 1924 Conf.
717 1858 901 1924 Gruterumi
918 1873 950 1924 et
974 1873 1045 1926 cett.
1069 1871 1254 1925 memoratos
1279 1857 1369 1922 infra.
1415 1857 1515 1922 Erant
1529 1869 1562 1922 et

178 1960 353 2038 Quaestores
364 1962 472 2039 aernrii,
483 1964 644 2042 Praetores,
656 1963 808 2029 Praefecti.
832 1963 979 2028 Ceterum
996 1963 1137 2028 aerarium
1146 1964 1198 2030 hic
1213 1977 1412 2051 nuncupatur
1423 1963 1560 2040 Caesaris,

177 2067 295 2155 quippe
320 2067 359 2132 ad
383 2092 473 2132 usum
499 2067 698 2156 Imperatoris
723 2065 757 2130 in
779 2066 887 2154 primis
912 2066 1110 2143 destinatum,
1137 2067 1228 2152 quale
1257 2079 1322 2132 erat
1351 2065 1490 2130 Militare
1522 2067 1561 2130 ab

176 2173 324 2260 Augusto
344 2173 543 2238 institutum¹.
588 2173 729 2250 Diversa,
744 2172 903 2251 nimirum,
924 2185 1012 2238 erant
1027 2173 1147 2238 aeraria:
1163 2197 1214 2238 ex.
1230 2197 1257 2238 c.
1271 2172 1405 2238 lunonis
1422 2172 1560 2250 Lucinae,

177 2276 311 2344 Veneris
326 2279 505 2358 Libithinae,
521 2280 713 2358 iuventutis,
729 2279 929 2357 Pontificum,
945 2293 1015 2357 etc,
1031 2294 1062 2344 et
1087 2279 1181 2343 simili
1196 2279 1316 2344 ratione
1335 2278 1369 2343 in
1383 2278 1560 2365 provinciis,

176 2399 213 2448 ut
228 2385 374 2452 Herculis
389 2385 563 2452 Mediolani
578 2387 612 2450 in
627 2385 765 2472 inscript.
782 2385 909 2451 Gruteri
926 2385 1167 2472 supralaudato.
1215 2384 1268 2451 Sic
1284 2385 1367 2472 apud
1385 2383 1561 2471 Smyrnaeos

175 2489 299 2554 exstitit
322 2491 464 2556 aeranum
490 2492 602 2558 Matris
627 2491 794 2579 Sipylenae‚
811 2493 859 2556 tit.
876 2513 982 2556 caux.
999 2517 1092 2580 supr.‚
1111 2490 1220 2578 populi
1248 2489 1392 2568 Romani,
1417 2489 1465 2554 tit.
1490 2511 1560 2566 cnr,

174 2595 260 2681 quod
281 2593 384 2683 ipsum
404 2596 499 2660 'innui
525 2596 650 2662 videtur
674 2596 709 2660 in
729 2595 851 2661 Bbclrh.
875 2620 906 2660 n.
924 2595 1028 2667 3335„
1055 2595 1282 2681 Imperatorum
1303 2598 1447 2681 (Kopion
1465 2597 1560 2661 Αὐτο-

174 2704 359 2788 κρατόρων),
375 2702 451 2768 ibid.
465 2727 494 2767 n.
509 2703 600 2768 3384.
645 2702 800 2788 Denique,
820 2701 963 2779 Senatus,
979 2700 1128 2778 Gerusian,
1149 2699 1275 2786 Populi,
1291 2699 1505 2786 Templorum,
1526 2715 1561 2764 nt

174 2807 311 2871 1113371.

235 2918 315 2984 Satis
324 2933 398 2984 nota
409 2933 482 2985 sunt
492 2945 534 2985 ex
546 2943 639 3008 opere
645 2919 793 2986 Gerrardi
808 2918 887 3007 sigla
897 2914 971 2994 AR,
981 2913 1060 2994 CT,
1071 2916 1231 3005 sigillatim
1242 2939 1298 3003 pro
1310 2909 1505 2979 AEBABW
1513 2913 1558 2993 Μ,

176 3027 243 3092 ΕΤ.
287 3029 337 3094 De
353 3030 566 3097 Decurionatu
579 3031 642 3095 vid.
659 3043 723 3095 not.
735 3031 831 3096 adtit.
843 3052 1000 3096 cmxxxix.
1017 3033 1045 3096 6.

173 3267 233 3312 vide
258 3265 351 3312 Faeklrsl.
372 3265 417 3311 vol.
442 3279 469 3313 rr.
489 3280 510 3325 p.
535 3268 589 3312 406.
612 3267 634 3313 b.
658 3267 776 3313 Transfert
803 3265 840 3310 vir
890 3262 956 3309 alteri
972 3263 1136 3310 subsauotam.
1172 3264 1328 3320 Quaestionem
1339 3265 1449 3312 intactam
1466 3264 1557 3324 reliquit

171 3349 273 3395 eximius
292 3361 397 3394 nummos
421 3361 500 3393 ornnes
521 3347 561 3407 qni
582 3347 719 3407 epigraphes
739 3345 839 3392 refenmt
891 3346 1014 3394 liiickhiua

172 3431 730 3488 nnurn10110nlc,xnsrnlononnnc,
738 3433 838 3477 unat·
922 3437 936 3461 '
946 3431 1012 3479 Ocni.
1020 3431 1087 3478 Dion.
1098 3445 1172 3479 xaru.
1183 3435 1221 3480 51.
1240 3433 1350 3492 Pompon.
1360 3435 1384 3480 in
1394 3433 1482 3495 Digest
1494 3436 1555 3482 libr.

105 3515 110 3530 “
171 3519 415 3576 ΔΙΟΠΟΛΕΙΤΩΝ,
432 3518 553 3564 adnrbcm
564 3517 698 3576 Bithynam,
712 3515 838 3562 rationibus
890 3527 906 3562 ι.
919 3515 965 3562 'iit
978 3518 1000 3562 2.
1014 3517 1069 3576 leg.
1081 3519 1103 3563 2.
1122 3516 1212 3564 Gruter.
1225 3517 1296 3565 Inscr.
1313 3533 1335 3578 p.
1348 3531 1461 3567 ocnxxrr.
1480 3535 1519 3566 nn.
1532 3524 1554 3568 5.

171 3603 227 3650 satis
239 3602 321 3648 validis
332 3603 403 3648 nixus
411 3602 487 3649 amns
497 3603 522 3648 in
533 3617 555 3661 p
568 3605 623 3649 407.
635 3615 656 3649 a
681 3601 745 3648 idem
756 3606 779 3648 st
789 3601 837 3660 ipse
889 3601 910 3646 6.
923 3611 1049 3646 ccocxcu.
1062 3615 1084 3646 n.
1097 3603 1119 3648 9.

170 3689 229 3734 facio
246 3688 270 3733 in
287 3687 400 3734 hocloco.
428 3687 539 3734 Attamen
558 3693 649 3747 torquet
665 3685 791 3746 scrupulus,
804 3701 835 3733 ax
917 3690 929 3716 ¹
945 3685 1051 3733 Gerrard.
1062 3685 1104 3732 Ed
1118 3687 1188 3732 lond.
1200 3701 1222 3746 p.
1235 3689 1273 3734 86.
1286 3703 1307 3734 a

171 3787 317 3819 nummorum
325 3773 370 3818 tide
378 3773 497 3831 profectus,
508 3772 547 3832 qui
556 3772 609 3818 inda
617 3773 647 3819 ab
658 3771 778 3818 Hadriano
788 3785 836 3831 prta
917 3771 1015 3818 rlnscr.
1034 3787 1056 3831 p.
1075 3785 1149 3820 xnrn.
1172 3775 1208 3819 ll.
1230 3776 1266 3821 12.
1286 3775 1350 3823 eonr.
1368 3775 1412 3822 Tit
1430 3776 1551 3824 Mediolon.

170 3875 194 3905 se
204 3859 280 3904 icrunt
288 3871 371 3904 nomen
379 3857 500 3916 antiquum
510 3857 652 3916 Bithyniam,
662 3861 758 3916 excepto
769 3856 836 3902 unico
884 3855 947 3902 citat
968 3871 982 3902 a
999 3857 1083 3904 Pittaco
1100 3858 1124 3904 in
1136 3859 1214 3906 lierda
1227 3859 1274 3906 vol.
1288 3873 1303 3907 r.
1316 3874 1338 3920 p.
1353 3863 1406 3908 609.
1421 3863 1443 3908 b.
1462 3862 1551 3908 Reiuee

169 3941 288 3998 Antonini,
308 3955 375 4000 quern
392 3941 458 3987 video
467 3941 602 3988 Eckhelinm
613 3941 755 4001 adjudicasse
773 3941 835 3988 Nao-
885 3941 1006 4002 syntagm.
1030 3942 1110 3990 clix.
1123 3957 1145 3989 n.
1158 3947 1177 3990 1.
1189 3957 1265 3991 xran.
1277 3947 1313 3991 12.
1335 3945 1421 3992 Maffeii
1432 3945 1551 3994 AmCrit.

169 4025 497 4085 ClaudiopoliPaphlngonia:
515 4027 604 4084 p4os.
638 4024 679 4071 Nil
690 4025 833 4084 meliuspro-
885 4025 964 4084 Lepid
974 4024 1089 4073 eoldus,

169 4109 220 4155 ticio
228 4109 332 4168 cogitans
340 4109 368 4154 de
377 4107 524 4167 mauuopole
532 4108 637 4166 Galatia,
651 4109 746 4155 simodo
754 4123 833 4156 rernm
915 4111 1005 4158 ¹Cont'.
1024 4110 1090 4156 Dion.
1110 4124 1149 4157 nv.
1171 4114 1209 4160 25.
1239 4112 1331 4160 Sueten.
1357 4113 1456 4174 August.
1481 4129 1549 4164 xiix.

168 4195 198 4239 sit
209 4193 270 4252 quod
281 4193 406 4239 arbinatur
417 4191 535 4250 Cellarim
545 4205 632 4252 nempe,
647 4191 794 4239 Ptolemaum
806 4194 833 4239 ds
883 4193 955 4242 Tacit.
965 4195 1048 4242 Annal.
1061 4209 1077 4242 1.
1092 4199 1128 4244 78.

169 4279 211 4324 hac
230 4277 365 4324 scribentem
382 4277 406 4322 in
421 4289 519 4323 errorem
538 4277 655 4324 inuidiam
673 4277 833 4324 neminieuim
