3952 5238
159 551 261 598 rusca.
276 531 397 620 ιιιιι]
691 521 1017 598 A'PHRoDlsIA‘s.
1486 533 1548 598 305

187 784 191 790 .
222 719 253 784 6.
278 718 468 786 Μολοσσοῦ.
513 715 600 782 Vide
625 739 709 782 nom.
724 716 759 781 in
776 713 837 780 titt.
850 715 975 782 Bdokh.
992 717 1085 782 2837.
1103 717 1196 783 2843.
1241 717 1320 783 Erat
1332 716 1385 783 hic
1400 741 1552 784 memora-

157 837 208 892 tus
224 831 242 893 ὑ
258 823 410 913 θρεπτήρ,
424 823 559 891 Hermas
572 829 592 891 ὁ
616 823 763 911 liprande,
781 823 884 890 officia
908 825 948 890 ab
972 823 1012 888 iis
1031 824 1146 902 debita,
1169 824 1203 890 in
1223 823 1348 905 Iliade,
1373 825 1551 914 θρεπτήρια,

158 931 308 1016 θρέπτρα.
354 927 556 1014 Plerumque,
571 941 609 993 ut
622 927 687 1008 hic,
703 950 759 1014 per
773 925 999 1016 metonymiam
1014 927 1234 1016 complectitur
1253 941 1431 1016 utrumque,
1453 943 1486 996 et
1503 933 1565 995 in·'

156 1039 336 1103 munem
350 1048 384 1102 et
397 1036 583 1114 alimentum,
597 1040 710 1123 τρέφω,
725 1047 762 1099 ut
776 1057 819 1099 ex
828 1033 1069 1120 Xenophonte,
1089 1049 1122 1100 et
1133 1034 1172 1099 al.
1183 1034 1352 1102 discimus:
1375 1037 1480 1104 sedet
1495 1037 1551 1103 ali-

159 1142 287 1231 quando
301 1141 342 1208 ed
356 1165 480 1207 sensum
494 1140 668 1230 pleniorem
682 1141 835 1206 habemus
846 1163 917 1204 cum
934 1138 989 1205 illo
1003 1140 1208 1226 conjunctum
1223 1139 1379 1210 mitetur.

786 1332 931 1397 LXVIL

226 1461 371 1542 ΚερκῙδο.
392 1459 563 1526 Restitutio
574 1457 754 1526 certissima.
784 1463 898 1544 Κερκὶς
913 1454 1056 1544 designat
1069 1455 1104 1520 in
1118 1455 1227 1545 primis
1241 1460 1364 1524 rudium
1378 1462 1552 1527 unctam.-

160 1567 235 1634 dein
248 1567 498 1643 mathematicum,
516 1579 550 1632 et
570 1564 605 1630 in
618 1563 680 1630 hoc
704 1586 806 1642 sensu,
830 1564 946 1650 stylum,
961 1561 1014 1628 vel
1030 1574 1068 1627 ut
1084 1561 1183 1640 aiunt,
1207 1587 1396 1650 poemenen,
1419 1567 1552 1632 soffia-iis:

161 1673 289 1740 Tertius
311 1695 419 1738 sensus
443 1684 490 1737 est
515 1694 623 1737 cuneus
644 1670 806 1748 mutuo,
822 1691 916 1754 quem
936 1691 979 1733 ex
994 1667 1123 1734 Polluce
1148 1671 1332 1756 comprobat
1354 1671 1552 1736 Passoviust:

161 1776 298 1842 Pitiscus
312 1800 414 1866 portu,
433 1775 553 1842 Curatur
566 1778 600 1840 in
613 1775 735 1852 theatra
749 1776 855 1862 plausit
870 1774 1003 1863 θεάτρου
1015 1780 1128 1862 κερκίς,
1149 1774 1282 1862 θεάτρου
1301 1777 1397 1864 φυλή,
1416 1789 1457 1844 ot
1478 1780 1553 1844 ordo

160 1883 310 1960 sedilium,
326 1883 385 1949 eu}
427 1880 543 1948 Nullus
563 1880 650 1948 locus
664 1879 718 1946 hic
733 1878 924 1946 dubitationi
943 1879 1133 1966 relinquitur
1152 1879 1191 1946 de
1215 1904 1307 1946 sensu
1330 1905 1429 1968 quum
1452 1905 1553 1948 senno

162 1985 202 2050 sit
216 1985 257 2050 de
273 1984 414 2074 partibus
429 1983 553 2050 theatri.

228 2089 412 2176 Sequrmtur
427 2089 552 2178 (saltem
571 2112 628 2176 pro
651 2111 722 2154 mea
736 2086 960 2177 descriptione)
980 2087 1131 2170 Ὑελίδες,
1146 2089 1179 2154 h.
1192 2115 1219 2156 e.
1235 2091 1378 2178 quaedam
1392 2104 1554 2161 structure

162 2195 323 2262 theatralis
345 2209 448 2284 partes
467 2220 483 2262 a
500 2199 576 2260 ur'tro
591 2195 749 2274 eonfeotae,
766 2196 818 2261 vel
843 2209 956 2262 ornatu
979 2217 1020 2261 ex
1041 2196 1096 2262 tuli
1116 2199 1247 2264 materia
1268 2198 1350 2265 facto
1368 2199 1554 2268 incrustatae.

164 2303 259 2368 Certe
274 2305 446 2367 diazonuta
455 2302 507 2368 vel
517 2303 605 2368 baltei
616 2317 829 2368 memorantur
842 2303 877 2368 in
891 2329 921 2368 v.
937 2306 964 2370 3.
981 2328 1050 2391 quae
1065 2307 1185 2394 optflcio
1200 2309 1313 2372 musico
1324 2307 1492 2395 aliquando
1507 2334 1555 2374 or·

162 2412 327 2488 nubantur,
350 2423 387 2475 ut
407 2409 555 2498 colligere
583 2408 660 2474 licet
680 2432 722 2474 ex
746 2409 850 2475 verbis
866 2408 1062 2497 Calpumii¹2
1086 2409 1201 2476 diserte
1215 2435 1308 2500 porro
1331 2426 1378 2478 est
1391 2413 1511 2480 mentio
1535 2439 1555 2480 a

163 2517 270 2584 Plinio
284 2515 366 2581 facta
380 2515 493 2581 mediae
504 2514 600 2603 partis
615 2538 714 2581 scente
730 2539 748 2580 a
764 2514 881 2581 Scauro
896 2539 911 2582 e
925 2519 1000 2580 vitro
1015 2515 1181 2582 consuetud.
1228 2517 1418 2606 Scrupulum
1429 2519 1556 2586 fortasse

160 2623 306 2710 injecerit
321 2621 414 2690 alicui
429 2619 530 2707 quiin
545 2619 657 2685 studiis
666 2617 878 2708 epigraphiois
888 2618 1001 2707 hospes
1016 2619 1066 2698 sit,
1076 2618 1176 2686 forma
1189 2619 1373 2688 insolentior
1386 2625 1490 2700 telle:
1505 2647 1557 2689 me

162 2753 274 2818 parurn
289 2741 412 2794 movet:
434 2727 538 2792 minus
552 2727 647 2793 etiam
664 2726 750 2813 quod
770 2725 924 2814 scriptura
938 2751 1002 2792 non
1018 2727 1058 2792 sit
1072 2728 1174 2807 tutte,
1191 2752 1289 2816 quum
1304 2730 1501 2797 notissimum
1516 2733 1557 2798 sit

165 2839 267 2903 Dones
282 2850 315 2902 et
329 2836 422 2901 lones
436 2859 493 2923 pro
509 2836 611 2912 ὕαλος
620 2833 801 2898 Atticorum
816 2857 980 2921 usurpasse
995 2834 1122 2912 teroem.

227 2941 346 3018 Restat,
361 2955 398 3006 ut
411 2940 446 3005 in
454 2939 533 3005 VV.
547 2938 613 3003 LL.
625 2937 744 3014 monui,
756 2937 850 3003 lectio
861 2937 1076 3014 Fellowsiana,
1092 2939 1229 3028 ψελίδες.
1261 2943 1296 3009 Si
1307 2943 1369 3010 hoc
1380 2969 1490 3040 verum
1505 2946 1556 3026 sit,

163 3049 380 3139 intelligendae
394 3061 468 3114 sunt
481 3046 667 3114 stmctiones
682 3045 825 3132 quaedam
840 3045 1009 3124 fornicatae,
1021 3046 1128 3132 quales
1143 3061 1231 3114 erant
1240 3048 1362 3136 ἁψῖδες,
1379 3049 1413 3115 in
1425 3051 1556 3131 theatro,

166 3157 219 3224 De
244 3157 305 3222 hac
325 3153 552 3244 significatione
568 3151 775 3218 conferendus
804 3164 851 3217 est
871 3151 1052 3218 Passovius¹¹
1076 3153 1109 3217 in
1133 3177 1201 3220 voc.
1217 3157 1325 3242 ψολίς.
1381 3157 1556 3245 Propriam,

157 3264 275 3354 forfex,
287 3263 421 3352 legimus
435 3260 469 3326 in
479 3258 666 3326 Analeotis0.

230 3371 260 3434 2.
285 3374 477 3447 Στήσοοτος.
501 3368 629 3433 Hermae
644 3364 783 3430 officium
799 3375 866 3431 erat
880 3365 1049 3451 quomdam
1064 3389 1107 3431 ex
1122 3364 1398 3452 praecinctionibus
1408 3367 1555 3454 (quarum

166 3487 256 3541 erant
269 3473 412 3562 plurimae
422 3472 559 3539 aditibus
573 3470 796 3558 respondentes
808 3482 921 3536 etcum
933 3469 1023 3536 scalis
1032 3471 1153 3536 sedium
1165 3469 1384 3537 circinationes
1394 3471 1428 3536 in
1440 3496 1555 3538 cuneos

166 3581 363 3670 partientes)
385 3577 547 3646 conficere.
605 3574 659 3641 Sic
679 3573 815 3640 Procula
837 3595 910 3638 oum
935 3585 1032 3660 putre,
1056 3572 1090 3636 in
1111 3572 1204 3638 titulo
1229 3571 1438 3639 Fellowsiano
1463 3597 1556 3664 supra

196 3775 208 3809 ι
225 3776 285 3823 use
295 3771 325 3832 r,
338 3775 393 3823 ιιι.
405 3769 436 3836 ρ’,
448 3773 503 3820 aaa.
916 3767 928 3804 t
944 3769 1124 3832 ueroemtr.

196 3857 472 3920 ‘Instcynnlinit
497 3853 833 3906 &annuntiantum
917 3853 1071 3904 ¹HistNat
1084 3857 1230 3904 mvntl.
1245 3857 1282 3903 11.

165 3951 189 3994 ea
199 3945 223 3992 in
233 3957 291 3991 auor.
304 3942 328 3990 9
336 3942 391 3989 Luc.
407 3953 443 3988 tv.
457 3942 494 3988 16.
528 3938 567 3988 sic
576 3937 652 3985 Lxx.
664 3938 689 3984 in
699 3937 803 3984 Maomb.
815 3949 832 3984 1.
917 3947 935 3973 Ι·
946 3941 1006 3988 Vide
1018 3941 1115 3989 Ioback.
1125 3939 1251 4001 Phrynen
1268 3953 1291 3999 p.
1302 3940 1356 3986 909.
1392 3937 1550 3987 Hematerhus.

165 4030 188 4075 9.
198 4029 235 4074 69.
247 4031 271 4073 st
283 4028 321 4072 11.
331 4025 370 4072 49.
883 4028 965 4076 rnen
974 4026 1038 4088 Mag.
1051 4027 1136 4086 pest.
1171 4023 1364 4072 Beklrar.Anecd
1374 4036 1396 4083 p.
1406 4023 1443 4070 66.

200 4109 208 4144 ¹
221 4111 341 4159 Demosth.
350 4109 403 4156 adv.
415 4108 488 4156 Neaer.
502 4122 525 4168 p.
540 4109 609 4156 1961.
623 4109 645 4155 6.
916 4119 928 4144 ¹⁸
945 4112 992 4160 Ubi
1001 4125 1050 4170 sup
1063 4110 1108 4157 vol
1116 4123 1143 4157 ιι
1155 4122 1177 4169 p.
1189 4111 1257 4157 1457.
1269 4109 1292 4155 lt

197 4203 210 4240 ι
225 4195 348 4246 chnudlsr.
362 4194 433 4242 Insor.
443 4193 470 4240 P.
482 4207 499 4240 1.
512 4209 535 4240 n.
544 4193 582 4242 66.
594 4207 617 4253 p.
628 4195 664 4241 19.
915 4203 927 4228 ⁰
943 4197 1005 4244 nun
1018 4195 1120 4242 Brnnok.
1132 4193 1178 4243 vol.
1187 4208 1225 4242 ιιι.
1234 4209 1257 4255 p
1268 4196 1290 4242 9.

196 4279 208 4314 ¹
223 4281 284 4330 vute
295 4281 432 4328 llandwdrt
444 4279 466 4326 d
480 4277 520 4327 Gr.
532 4278 583 4339 Spr.
596 4283 639 4325 tn
650 4293 673 4340 p
685 4279 755 4326 1967.
767 4290 788 4324 ι.
914 4269 928 4305 Ρ
942 4261 1035 4310 Vim·
1047 4273 1073 4308 V·
1081 4263 1103 4308 ³·

199 4363 207 4400 ¹
225 4367 303 4415 texte.
316 4345 411 4426 Airthq.
423 4363 469 4412 vol.
477 4377 495 4414 r.
507 4377 530 4424 p
539 4366 593 4412 666.
605 4364 628 4410 lt

225 4469 344 4517 risere.
359 4469 397 4514 11.
845 4439 904 4504 2²
