3952 5238
165 582 533 664 rusca.nxxx.,axxxr.]
705 575 1030 644 APHRODISIAS.
1492 584 1554 649 325

228 760 257 824 8.
283 764 505 850 Χρυσοφόροις
519 771 556 829 Ν.
603 762 717 828 Sanam
735 762 902 830 lectionem
921 763 1130 830 extricaverat
1145 763 1309 830 Bdckhius
1324 767 1433 832 velex
1454 769 1553 834 sordi-

164 864 255 930 dibus
267 864 490 932 Fellowsianis.
520 867 659 934 Pecunia
672 868 776 958 legata
789 869 891 935 fuerat
905 869 1054 957 Neoposis
1070 869 1158 953 (vide
1174 870 1222 936 tit.
1237 873 1320 959 uxr.)
1333 871 1388 958 qui
1403 885 1436 938 et
1450 873 1552 963 Chry-

164 969 292 1058 sophori
317 971 533 1060 appellantur3
555 973 750 1051 crediderim,
776 972 811 1038 in
834 998 908 1040 usus
927 987 1058 1040 sacros'.
1103 976 1301 1064 Dignitatem
1317 980 1485 1064 quamdam
1499 984 1551 1048 vel

165 1077 373 1164 prestantium
387 1078 517 1144 innuere
532 1079 657 1146 videtur
672 1080 839 1169 appellatio
861 1085 1085 1169 Χρυσοφόρος,
1101 1105 1170 1168 quae
1198 1097 1230 1150 et
1252 1084 1329 1152 alibi
1344 1086 1439 1152 obvia
1470 1088 1553 1155 inter

165 1178 341 1246 Trullenses
366 1179 523 1260 Sherardi,
547 1181 603 1246 ubi
628 1199 818 1249 memoratur
837 1185 982 1250 Julianus
1003 1185 1131 1271 quidam
1149 1195 1363 1278 Χρυσοφόρος
1383 1215 1455 1258 oum
1472 1193 1552 1259 Tro·

164 1283 283 1372 phimo,
311 1285 443 1352 Scriba¹.
488 1287 589 1352 Erant
599 1287 725 1354 fortasse
739 1288 873 1378 Neopoei
890 1289 1025 1356 Veneris
1047 1293 1110 1360 κατ’
1126 1292 1245 1382 εΕοχὴν
1260 1298 1433 1384 nuncupati
1449 1297 1551 1388 Chry-

166 1391 302 1479 sephori.

778 1578 941 1643 LXXXI.

230 1749 259 1810 l.
283 1745 337 1831 Sq.
361 1745 693 1824 Ζήλου-Ἰονλιανοῦ.
738 1745 916 1830 Utrumque
930 1767 1046 1809 nomen
1057 1745 1247 1834 conspicitur
1261 1746 1295 1811 in
1307 1748 1443 1814 nummis
1457 1751 1551 1837 hujus

163 1859 248 1925 urbis
259 1857 465 1946 imperatoriis
480 1858 519 1924 ab
534 1855 691 1922 Eckhelio
702 1855 818 1922 citatisy
826 1882 834 1934 ;
850 1855 1028 1944 epigraphae
1043 1871 1123 1934 sunt,
1145 1853 1192 1920 ΤΙ
1209 1900 1218 1920 .
1235 1851 1419 1922 ΖΗΛΟΥ.
1439 1856 1549 1924 ΠΡΩ-

165 1964 290 2035 ΤΟΥ.
306 1963 415 2032 ΑΡΧ.
443 1980 476 2036 et
497 1964 573 2032 ΕΠΙ
590 2010 600 2030 .
616 1962 727 2030 ΑΡΧ.
747 1961 1025 2032 ΙΟΥΛΙΑΝΟΥ.

228 2080 257 2145 3.
283 2083 451 2167 Σοφιστής.
496 2076 680 2142 Honorifica
701 2077 877 2166 appellatio,
893 2077 926 2141 in
948 2076 1086 2142 nummis
1101 2101 1226 2164 quoque
1245 2079 1347 2155 ohvia,
1369 2103 1419 2145 ex.
1436 2103 1462 2144 c.
1489 2079 1548 2142 im-

162 2203 258 2278 perat.
276 2189 428 2278 Smyrnae,
445 2188 561 2280 Severi,
581 2187 664 2275 apud
685 2186 900 2266 Eckhelium¹‚
925 2183 1001 2252 ΕΠΙ
1019 2230 1029 2250 .
1045 2183 1160 2253 ΟΤΡ.
1180 2187 1262 2253 ΚΛ.
1284 2184 1541 2256 ΡΟΥΦΙΝΟΥ.

164 2295 270 2367 coo!
284 2344 294 2363 .
355 2299 526 2366 Praeclarus
540 2299 593 2364 hic
607 2322 754 2364 nummus
768 2311 823 2376 est,
845 2316 972 2389 propter
985 2300 1175 2368 illustratum
1190 2303 1229 2368 ab
1244 2327 1282 2369 eo
1296 2303 1425 2370 titulum
1436 2303 1548 2392 Sponi·

166 2421 273 2476 auum·
295 2431 338 2474 ex
353 2431 416 2494 quo
430 2414 551 2472 constat
565 2403 759 2470 vacationem
781 2427 947 2470 munerum
964 2407 1120 2490 (ἆτέλειαν
1143 2415 1207 2476 τῶν
1229 2409 1453 2498 λειτουργιῶν)
1477 2432 1549 2473 con-

165 2539 279 2582 cessam
303 2514 397 2580 fuisse
416 2537 502 2579 more
526 2511 646 2578 solenni
671 2535 728 2599 per
749 2511 986 2578 constitutiones
1011 2513 1225 2600 imperatorias
1251 2515 1413 2603 Sophistis,
1440 2515 1548 2592 idest,

164 2621 386 2709 professoribus
408 2620 582 2686 studiorum
601 2631 633 2684 et
656 2617 851 2704 eloquentiae,
866 2641 907 2684 ne
922 2619 1022 2684 causis
1036 2619 1170 2707 publicis
1184 2619 1437 2688 distraherentur.
1481 2621 1549 2686 Me-

164 2741 325 2793 morantnr
347 2749 473 2813 quoque
495 2723 641 2812 sophiatae
663 2724 697 2788 in
720 2723 856 2788 nummis
879 2723 1054 2812 Phrygiis,
1086 2749 1127 2790 sc.
1150 2724 1293 2814 Oidyessi
1318 2742 1350 2792 et
1374 2726 1547 2794 Laodiceae.

163 2839 212 2906 De
227 2839 277 2904 his
299 2861 399 2926 pauca
417 2857 606 2912 moneamus,
621 2831 826 2908 Passovium0,
842 2830 896 2917 qui
911 2831 1073 2896 materiam
1088 2832 1168 2898 bene
1187 2845 1219 2899 et
1238 2833 1376 2899 dilucide
1391 2834 1546 2910 tractavit,

219 2959 301 3010 uuit.

166 2969 336 3117 seqVerba
354 3049 422 3134 ejus
441 3056 533 3112 suut:
557 3046 717 3130 Σοφιστής
732 3081 744 3093 -
760 3079 772 3090 ·
787 3081 800 3092 -
816 3078 829 3092 -
851 3041 905 3106 wie
919 3041 1032 3128 σόφος,
1047 3041 1095 3106 cia
1112 3042 1209 3127 jeder,
1224 3044 1279 3108 der
1291 3044 1335 3106 im
1349 3042 1452 3109 Besso
1466 3048 1547 3108 einer

164 3159 325 3224 bosonem
344 3153 598 3224 Gudicktictkeit
625 3153 699 3216 oder
718 3149 822 3214 Kanai
842 3151 888 3228 tat,
915 3149 1071 3214 detondere
1092 3150 1140 3214 ein
1166 3149 1547 3236 Tora-odor-Gesanpekun.

162 3267 272 3353 diperl.
295 3263 395 3330 Dein:
409 3262 576 3348 iiberhoupt
589 3261 643 3324 der
656 3260 690 3322 iu
698 3255 967 3342 Aayehyentetsn
977 3258 1028 3322 des
1038 3255 1204 3322 hauslichcn
1217 3259 1289 3322 oder
1302 3259 1352 3322 des
1362 3257 1547 3342 dffenth'chen

161 3373 282 3439 Ledeue
293 3371 453 3456 penando,
465 3367 615 3455 rafaim
631 3363 847 3441 eiusmodi,
856 3361 1421 3449 lebetas-und-ataatsldapeueratsindtye
1436 3361 1545 3439 Mcun,

162 3483 215 3546 der
229 3479 289 3544 sich
303 3480 368 3543 und
381 3479 497 3543 andern
518 3473 596 3538 wohl
612 3497 651 3536 zu
664 3471 769 3538 roden
782 3472 872 3548 meisa
887 3472 920 3534 ira
935 3468 1068 3535 walchem
1083 3467 1162 3533 &aa
1181 3469 1229 3534 dic
1250 3469 1347 3534 ambos
1362 3465 1478 3533 Weiaen
1493 3467 1546 3551 hey

195 3773 209 3796 ¹·
223 3765 287 3814 Com.
297 3777 357 3822 supr.
370 3762 405 3808 tit
414 3771 522 3805 nxxvrra
533 3759 555 3804 9.
563 3771 580 3802 a
907 3756 917 3780 ⁶
935 3748 1070 3794 Handwiirt.
1082 3746 1104 3791 d
1117 3745 1157 3793 Gr.
1170 3745 1220 3804 Spr.
1234 3743 1278 3790 voi.
1289 3757 1315 3790 m
1327 3758 1350 3803 p.
1358 3745 1412 3791 980.

195 3857 206 3882 ¹
224 3850 283 3896 Vide
291 3847 379 3896 Bdeisln
389 3845 416 3894 C.
426 3845 445 3891 1.
457 3843 502 3890 rol.
512 3854 538 3888 ra
548 3856 569 3901 p.
580 3843 634 3888 588.
644 3839 746 3885 112919.
757 3837 797 3884 ult.
907 3833 918 3866 ⁶
936 3834 995 3880 Vide
1006 3833 1083 3880 Athen
1104 3843 1157 3878 xrs.
1168 3833 1206 3878 ³2.
1218 3835 1242 3876 st
1252 3828 1355 3889 AEachyli
1371 3841 1463 3875 versum
1479 3829 1542 3874 citat.

194 3946 204 3980 r
221 3937 298 3984 Doctr.
311 3933 340 3980 N.
351 3932 380 3979 V.
392 3931 437 3978 voi.
448 3943 474 3976 11.
486 3943 508 3989 p.
517 3930 571 3976 577.
579 3941 599 3973 a
876 3920 899 3964 in
907 3919 948 3965 loc
958 3931 1045 3966 necnon
1057 3916 1180 3977 Sophoclis,
1188 3917 1213 3962 ia
1222 3913 1297 3963 schol
1309 3913 1376 3962 Pind.
1388 3913 1418 3960 ad
1424 3913 1505 3960 istium.
1517 3927 1542 3960 v.

195 4021 278 4068 =rssa
290 4017 336 4064 vot
346 4029 372 4062 n.
384 4031 406 4076 p.
415 4017 469 4063 ssa.
481 4015 503 4060 s.
832 3995 835 4001 '
877 3996 1369 4060 aa.etnusuu.aa1rar0'.p.1ors.ss.
1392 3997 1543 4057 sic'rydeum

193 4103 324 4164 ‘Voyaga
336 4105 391 4147 tom
401 4113 417 4146 ι.
436 4100 523 4159 plot.
557 4095 651 4142 Editnm
669 4093 754 4152 reperio
765 4097 787 4138 et
803 4091 827 4136 in
876 4087 976 4148 appellat
987 4087 1107 4147 Euripides
1117 4087 1142 4132 in
1153 4083 1231 4144 Suppl.
1244 4086 1298 4132 905.
1310 4080 1396 4131 δεινὸν
1407 4081 1541 4145 σοφιστὴν,

162 4201 227 4249 opere
236 4184 370 4241 smirnam,
380 4185 446 4242 pit.
456 4197 473 4229 a
483 4187 506 4228 et
514 4179 679 4228 MarmOxon
688 4189 824 4224 neurim.
877 4189 907 4220 sc.
919 4173 943 4218 in
954 4187 978 4219 re
986 4171 1077 4219 bellica:
1095 4171 1166 4218 addas
1174 4171 1242 4217 Rhea
1255 4171 1310 4216 921.
1344 4167 1388 4215 Sed
1404 4168 1434 4214 ad
1445 4167 1542 4226 priorem

161 4274 221 4322 Vide
231 4270 320 4318 Bdclrh.
329 4281 352 4314 a.
361 4270 431 4316 8178.
877 4271 967 4304 versum
979 4258 1035 4304 coni.
1050 4261 1159 4304 annotata
1170 4270 1184 4303 a
1194 4253 1285 4312 criticis,
1299 4250 1435 4300 Valckeniir.
1448 4252 1540 4300 Person

195 4351 207 4386 ⁸
223 4351 316 4400 mmet
327 4351 371 4398 vol
385 4362 421 4396 ιιι.
434 4363 471 4408 pp.
484 4349 535 4394 146.
544 4347 565 4394 1).
583 4347 634 4392 lot.
643 4347 663 4392 b.
876 4347 917 4389 ete
