3972 5240
449 575 510 642 198
855 571 1208 641 INSORIPTIONES
1230 573 1423 642 GRAECAE.
1501 575 1829 664 [rusou.oev1.‚eeru.

447 764 619 850 Octavia,
644 763 777 836 sororis
807 761 1008 851 Octaviani,
1034 787 1117 860 quae
1143 764 1282 860 conjux
1304 761 1423 837 suerat
1448 764 1500 836 M.
1520 761 1677 838 Antonii
1701 762 1827 854 IIIviri,

446 885 529 960 filia
584 883 718 960 Cetera
747 907 830 980 quae
856 882 917 958 hio
940 895 1141 972 narrantur,
1159 909 1205 958 so.
1232 883 1278 958 de
1305 883 1435 958 marito
1451 886 1531 981 ejus
1548 885 1681 970 Druso,
1707 884 1828 958 liberis·

446 1031 517 1103 que
533 1007 760 1092 Germanico,
776 1004 941 1092 Claudio,
960 1006 1074 1093 Livia,
1093 1005 1319 1081 exsortibus
1337 1006 1518 1082 historicis
1535 1007 1693 1104 petenda
1710 1020 1794 1080 sunt.

521 1126 687 1202 Titulum
709 1128 955 1226 conscriptum
984 1127 1095 1202 fuisse
1121 1141 1204 1226 post
1228 1127 1302 1202 fato
1320 1127 1526 1203 defunctam
1544 1130 1743 1204 Antoniam
1758 1153 1827 1202 oon·

445 1261 515 1322 stat
547 1273 596 1322 ex
624 1274 657 1322 v.
687 1251 743 1324 10.
770 1249 808 1322 in
842 1274 916 1345 quo
938 1247 1174 1324 Germanicus
1206 1249 1309 1323 audit
1346 1249 1532 1336 Claudius,
1564 1261 1600 1322 et
1636 1274 1667 1321 v.
1696 1249 1748 1320 18.
1773 1245 1827 1319 ubi

445 1366 610 1440 Antonia
626 1367 827 1464 appellatur
843 1367 939 1440 diua.

521 1487 753 1584 Descriptum
769 1486 881 1562 habui
898 1486 944 1561 de
960 1487 1040 1560 basi
1056 1511 1258 1561 marmorea
1274 1487 1432 1562 rotunda
1448 1512 1530 1562 cum
1549 1485 1726 1562 diametro
1737 1484 1827 1584 quasi

446 1605 601 1679 duorum
618 1604 752 1704 pedum
770 1617 808 1678 et
830 1619 986 1702 quatuor
1003 1606 1075 1679 alta
1093 1606 1134 1680 in
1147 1629 1255 1702 quam
1272 1606 1386 1680 incidi
1410 1609 1506 1681 inter
1522 1609 1715 1706 parietinas
1732 1607 1828 1681 vicia

447 1727 577 1800 Turois
594 1725 764 1824 appellati
779 1723 1025 1800 Halasit-laeui.
1076 1723 1236 1798 Locatur
1251 1724 1290 1796 in
1308 1724 1457 1821 planitie
1475 1724 1660 1801 Danaes
1675 1739 1713 1800 et
1728 1747 1827 1824 prope

444 1849 564 1922 rivum
576 1849 817 1924 Daimbrelcatt
836 1873 946 1947 quem
962 1848 1056 1921 miro
1073 1871 1195 1921 errore
1212 1847 1364 1944 putabat
1377 1845 1540 1946 Scepsius
1557 1847 1668 1922 fuisse
1684 1848 1828 1924 Simoen-

446 1982 528 2042 tem.
564 1969 711 2056 Contra,
734 1969 963 2069 taynus-tam
993 1969 1183 2065 antiquum
1204 1991 1282 2042 esse
1305 1968 1431 2042 velex
1452 1969 1533 2067 ipso
1554 1969 1699 2044 nomine
1716 1969 1827 2065 liquet

446 2088 546 2185 quod
565 2091 704 2178 Turoaa
725 2091 819 2164 sicut
829 2091 1088 2188 expectaveris,
1105 2089 1289 2188 explicare
1302 2104 1499 2188 nequeunt,
1511 2103 1549 2165 et
1557 2090 1825 2172 Devorer-tar,

449 2209 484 2282 T
481 2211 645 2309 tymbrae
663 2209 829 2284 aPlinioh
847 2223 1091 2285 memoratam.

519 2336 663 2408 Nomen
679 2331 826 2410 Hatrtett
843 2336 971 2434 opinor
988 2347 1198 2434 corruptum
1215 2361 1293 2410 esse
1311 2361 1361 2410 ex
1379 2335 1510 2414 Graeco
1526 2324 1748 2430 Καλοληνό,
1757 2334 1827 2436 pul·

442 2481 542 2530 erum
559 2453 725 2530 torcular.
778 2455 899 2529 Distat
915 2454 1103 2552 paululum
1122 2454 1278 2532 Caeoiam
1296 2480 1422 2532 versus
1445 2482 1467 2530 a
1483 2457 1604 2532 viculo
1617 2453 1828 2554 Hiasardjek,

444 2585 516 2657 hoo
546 2593 609 2669 est,
636 2580 722 2655 sede
746 2581 892 2670 Hiensi,
911 2582 1143 2657 interfluente
1162 2581 1374 2682 Thymbrio.
1425 2579 1602 2677 Reliquiae
1626 2577 1722 2676 apud
1738 2577 1828 2650 iilum

445 2714 648 2800 eonspectae
669 2714 707 2776 et
723 2700 999 2777 Damarata-laeui
1024 2713 1214 2800 asportata
1236 2701 1404 2775 senmtur
1421 2700 1467 2772 ab
1485 2699 1554 2772 Ilio
1571 2698 1729 2790 recenti3
1755 2719 1830 2792 qua·

447 2835 596 2921 propter
613 2835 651 2896 et
666 2821 765 2896 huno
783 2823 929 2897 titulum
956 2835 994 2898 et
1022 2824 1189 2922 proxime
1218 2833 1430 2920 sequentem
1454 2843 1545 2916 quos
1572 2821 1610 2892 in
1639 2819 1828 2917 sepuloreto

448 2943 606 3018 Turcico
622 2967 735 3040 prope
748 2940 896 3016 Hatttett
913 2941 1087 3039 descripsi
1105 2939 1299 3014 Iliensibus
1316 2936 1559 3012 accensendos
1575 2949 1675 3035 puto.

523 3065 624 3137 Inter
646 3061 765 3136 editos
782 3087 856 3136 nou
873 3061 959 3148 vidi,
977 3085 1096 3156 neque
1120 3058 1367 3159 apographum
1384 3057 1501 3132 habeo
1518 3071 1650 3154 praeter
1666 3081 1781 3130 meum
1798 3063 1829 3126 et
1956 3059 1957 3081 ¹

446 3183 720 3270 Borrellianum‚
753 3207 802 3256 ex
835 3207 909 3280 quo
936 3181 1155 3256 eliminanda
1184 3193 1270 3256 sunt
1297 3179 1440 3267 menda,
1469 3184 1652 3252 ΓΥΝΑΚΑ
1681 3178 1720 3251 in
1749 3202 1779 3250 v.
1795 3175 1822 3246 6.

447 3307 727 3379 ΑΦΡΟΔΕΤΗΣ
743 3304 782 3378 in
802 3307 857 3378 11.
878 3311 1007 3379 ΙΛΙΩΝ
1026 3305 1065 3378 in
1082 3303 1145 3378 ult

1037 3531 1195 3607 CCVII.
1221 3534 1255 3606 b.

446 3695 496 3776 Ἡ
519 3696 694 3783 'Anaua
714 3695 817 3804 φυλὴ
836 3697 980 3806 Σέξτον
990 3698 1152 3782 Ἰούλιον
1163 3701 1329 3798 Φίλωνα,
1343 3697 1410 3782 τὸν
1433 3695 1580 3800 κόσμον
1598 3703 1665 3800 τῆς
1683 3693 1829 3790 πόλεως,

448 3831 614 3936 ἔπαρχον
628 3829 786 3936 σπείρας
803 3836 1035 3934 Φλαβιανῆς,
1058 3831 1448 3940 γυμνασιαρχήσαντα
1469 3837 1648 3936 λαμπρῶς
1667 3833 1727 3912 καὶ
1750 3837 1828 3936 φιλ·
1954 3879 1955 3888 .

488 4055 501 4093 ὴ
517 4059 594 4119 Vide
609 4079 635 4118 r.
654 4063 700 4120 33.
712 4063 740 4119 3.
766 4057 889 4141 obrepere,
901 4061 966 4120 obv.
977 4061 1007 4118 in
1022 4059 1119 4120 Strab.
1167 4061 1275 4120 vetaris
1281 4061 1389 4138 oppidi,
1395 4059 1592 4138 aqueductus,
1605 4058 1760 4130 theatrum,
1769 4055 1829 4115 satis

448 4173 514 4215 xus.
532 4161 555 4217 l.
569 4179 598 4236 p.
616 4161 680 4224 107.
695 4161 769 4218 Tau.
783 4169 813 4219 at
834 4161 981 4238 Stephano
994 4162 1117 4239 Byzant
1168 4169 1316 4220 testantur
1344 4163 1435 4222 situm
1459 4159 1649 4239 quarendum
1676 4179 1736 4221 esse
1761 4152 1829 4235 opud

488 4259 1118 4321 ¹Aliterstrtuerevideturdootisssstiekh.
1168 4260 1344 4337 Hiuardjek.

448 4353 479 4411 in
496 4353 591 4416 lemm.
615 4376 645 4416 n.
664 4359 751 4424 3595.
764 4377 794 4436 p·
805 4361 872 4422 878.
886 4377 946 4418 us.
993 4359 1049 4419 Sed
1064 4375 1119 4417 arx
