3972 5240
446 548 510 613 254
858 547 1211 618 INSCRIPTIONES
1233 552 1424 621 GRAEGAE.
1569 559 1825 646 [rusenocxnvn.

516 2151 661 2224 Titulus
675 2149 847 2247 bilinguis
864 2149 1168 2222 commemorabat
1184 2147 1334 2220 fortasse
1352 2147 1571 2220 erectionem
1585 2151 1711 2248 templi
1721 2151 1816 2246 impe·

440 2271 551 2344 ratori
579 2269 734 2346 Claudio
762 2268 879 2342 dicati.
942 2267 1174 2364 Descriptum
1198 2265 1310 2340 habui
1344 2265 1390 2340 de
1424 2265 1600 2365 fragmine
1630 2293 1814 2344 marmoreo

444 2389 649 2488 (epistylio)
677 2390 772 2461 inter
808 2389 1001 2486 parietinas
1036 2387 1163 2486 templi
1198 2388 1314 2462 Ionici
1345 2389 1443 2487 apud
1477 2391 1598 2464 vicum
1631 2393 1812 2467 Turcicum
1954 2439 1955 2476 ἦ

441 2509 627 2586 Solimaut
637 2507 965 2585 velSdltmdnKol
974 2509 1062 2585 ’atsi
1075 2510 1240 2585 dissitum
1251 2510 1395 2584 circiter
1404 2523 1486 2584 octo
1501 2511 1616 2584 millia
1626 2535 1813 2610 passuuma

441 2633 602 2709 Koa-tut
620 2623 762 2744 (off)
782 2636 845 2710 ubi
863 2636 966 2710 sitam
984 2635 1094 2710 fuisse
1112 2648 1272 2710 veterem
1290 2633 1497 2709 Blaundum
1513 2637 1618 2732 ponit
1635 2637 1813 2711 Finnzius'
1953 2703 1954 2724 ζ

442 2757 549 2830 titulo
578 2755 735 2852 quodam
762 2755 964 2830 Hamiltoni
994 2755 1107 2832 fretus
1134 2781 1251 2853 aquo
1281 2755 1482 2853 appellatur
1507 2755 1610 2830 vicus
1633 2757 1813 2831 hodiernus

441 2874 572 2950 Kobek.
627 2875 666 2950 Si
690 2875 760 2949 hoc
779 2901 904 2949 verum
928 2877 984 2961 sit,
1002 2875 1092 2972 quid
1113 2875 1158 2948 de
1176 2874 1370 2961 Sriltmout
1388 2875 1453 2948 ubi
1469 2877 1669 2951 certissima
1689 2904 1726 2952 se
1748 2903 1812 2977 pro
1952 2949 1953 2954 ,

441 2995 533 3069 dunt
543 2997 695 3094 vestigia
705 2996 829 3094 oppidi
847 2998 1034 3093 cujusdam
1049 2998 1197 3092 antiqui,
1210 2995 1464 3070 statuendum?
1494 2995 1700 3072 Audiamus
1709 3001 1812 3073 Dette·

441 3115 545 3202 rium,
557 3115 802 3190 Arundellum
816 3117 1035 3204 comitatum,
1048 3116 1094 3191 de
1106 3119 1209 3213 cujus
1227 3114 1440 3189 adversariis
1452 3117 1809 3213 sequentiadescribo:

442 3233 495 3306 M.
509 3235 688 3310 Arundell
712 3262 735 3308 o
762 3262 825 3312 cru
842 3263 905 3336 que
922 3238 968 3311 les
985 3236 1103 3311 ruinas
1120 3237 1162 3310 de
1174 3233 1371 3310 Suleimoni
1396 3235 1619 3331 carquaient
1646 3237 1811 3340 Pemploce·

442 3371 531 3431 mou
548 3355 764 3455 annuus&
788 3358 880 3432 mois
889 3359 928 3458 je
944 3360 1019 3432 auis
1037 3359 1140 3458 porte
1158 3355 1181 3430 d
1199 3356 1308 3431 croire
1323 3380 1386 3454 que
1402 3353 1478 3430 c'eet
1486 3353 1603 3454 platta
1625 3355 1662 3430 lc
1688 3357 1760 3433 ville
1779 3355 1812 3429 de

442 3477 672 3552 Korouda.
725 3477 883 3551 Proinde
910 3477 1004 3551 foret
1034 3477 1160 3550 titulus
1187 3475 1283 3548 inter
1309 3473 1446 3572 Lydios
1472 3475 1723 3550 recensendus.
1768 3475 1811 3546 At
1950 3517 1951 3534 η

442 3626 515 3696 quo
549 3612 762 3698 argumento
787 3597 903 3673 fretus
929 3598 1000 3671 hoc
1034 3596 1199 3670 statuerit
1222 3591 1408 3667 Detterius
1437 3592 1587 3690 ignoro;
1621 3619 1690 3668 nec
1716 3594 1811 3692 magis

442 3718 686 3793 Arundellum
715 3741 855 3813 sequor,
879 3717 1078 3789 rationibus
1107 3711 1356 3812 geographicis
1374 3722 1520 3784 coactus
1537 3735 1627 3807 quas
1644 3711 1705 3788 hic
1721 3735 1812 3808 expo

442 3864 528 3912 nere
556 3837 650 3910 foret
679 3861 700 3908 a
725 3861 807 3909 meo
836 3834 1020 3933 proposito
1048 3833 1214 3908 alienum.
1277 3827 1429 3904 Dudum
1457 3831 1623 3927 opinatus
1649 3858 1727 3908 sum
1748 3835 1810 3931 ipse

480 4052 502 4080 ¹⁰
514 4042 589 4100 Vide
602 4042 706 4098 lemme
719 4061 747 4097 n.
762 4038 847 4099 3866.
868 4058 894 4114 p.
910 4037 952 4098 16.
964 4037 1017 4095 nbi
1031 4056 1109 4114 supr.
1160 4038 1249 4096 strisse
1261 4057 1351 4115 prope
1362 4039 1461 4096 vicum
1475 4039 1634 4097 'iincicum
1653 4039 1812 4100 Yeut-Mir

482 4147 496 4174 '⁸
513 4137 595 4195 Gons.
607 4135 695 4193 noti
712 4155 775 4212 pag.
789 4134 908 4211 praeced
1161 4140 1213 4215 qui
1240 4139 1330 4197 distat
1353 4140 1390 4196 ab
1410 4137 1505 4199 Uchalr
1523 4140 1617 4216 (supr.
1640 4153 1701 4200 not.
1716 4139 1810 4216 l.)p1us
1947 4201 1948 4218 χ

483 4248 497 4277 ⁰
512 4238 683 4312 Oonjecerat
705 4233 832 4294 Ieakius
851 4239 923 4313 (not.
942 4236 978 4293 ad
992 4236 1108 4293 Arund.
1159 4239 1257 4296 minus
1271 4255 1320 4296 sex
1334 4236 1419 4296 horas
1433 4235 1663 4315 notozephyrnm
1677 4257 1776 4298 versus.

443 4357 496 4400 vn.
519 4339 625 4396 Ecoles
661 4358 688 4415 p.
710 4337 793 4408 331.)
813 4335 993 4394 Clanuddam
1025 4337 1109 4393 sitam
