3972 5240
180 563 476 642 ruscn.ctxxxrx.,]
634 557 944 624 ALEXANDRIA
966 558 1127 624 TROAS.
1514 563 1575 627 183

179 769 267 818 num
284 745 441 818 militum
460 758 498 819 et
514 745 731 820 Praefecunn
755 748 927 843 equitum.
980 748 1165 845 Descripsi
1182 747 1228 820 de
1246 745 1368 821 tabula
1386 751 1573 822 marmoris

175 865 306 962 glauci,
324 865 528 963 fragmento
548 865 715 962 (opinor)
734 867 830 939 basis
848 879 974 940 statuae
989 890 1096 962 quam
1107 879 1303 963 posuerant
1319 867 1439 940 coloni
1455 869 1494 941 in
1511 869 1572 941 ho·

178 1007 303 1056 norem
315 983 384 1055 viri
394 983 555 1080 insignis.
587 983 720 1080 Reperi
732 983 966 1080 propesitum
980 986 1342 1080 antiquumaTurcis
1352 989 1571 1084 appellatum

177 1105 328 1180 Krz-tat
340 1107 429 1180 'alst
448 1103 581 1214 (Uinii
596 1109 665 1212 j)
692 1105 727 1178 h.
746 1129 775 1180 e.
792 1107 969 1184 castellum
985 1109 1142 1208 cirpiuis,
1166 1111 1315 1207 propius
1338 1113 1384 1185 ab
1401 1138 1482 1186 arce
1501 1113 1570 1186 dis-

174 1239 319 1310 tantem,
343 1226 407 1300 ubi
431 1227 664 1321 conjecerunt
692 1225 840 1321 quidam
858 1227 1040 1301 exstitisse
1065 1230 1239 1326 templum
1258 1231 1386 1304 Disnae
1415 1257 1479 1306 seu
1500 1234 1568 1306 Mi·

175 1371 296 1418 nervae
313 1345 466 1443 augurio
482 1345 639 1419 nominis
656 1344 749 1418 freti.

246 1467 397 1540 Editum
426 1467 611 1564 conspicio
638 1467 733 1539 inter
757 1463 961 1564 Sponiana‘,
979 1468 1233 1558 Pocockiana‘,
1252 1483 1289 1544 et
1317 1474 1522 1570 nuperrime
1547 1501 1568 1548 a

170 1585 390 1673 Fellowsio¹¹‚
405 1587 504 1661 varia
519 1587 673 1661 fortuna.
708 1587 896 1661 Deficiunt
912 1601 984 1660 tres
994 1589 1102 1685 primi
1115 1613 1241 1663 versus
1254 1591 1292 1663 in
1304 1592 1564 1686 Fellowsian0;

169 1709 301 1782 deinde
332 1723 429 1782 recte
457 1709 672 1782 ordinantur
689 1733 803 1804 usque
822 1707 867 1781 ad
881 1709 1050 1784 ultimum
1078 1711 1142 1806 qui
1167 1712 1286 1786 minus
1310 1730 1475 1790 accurate
1495 1717 1564 1790 dis-

169 1829 325 1924 ponitur.
379 1831 423 1902 In
441 1829 671 1904 Pocockiano
682 1830 790 1904 video
808 1830 980 1903 omissum
997 1856 1030 1903 r.
1048 1835 1079 1904 5.
1098 1844 1135 1904 et
1151 1833 1244 1906 male
1262 1834 1445 1908 ordinatos
1461 1840 1492 1910 9.
1508 1841 1563 1912 10.

173 1951 332 2048 Sponius
349 1965 499 2026 cunctos
518 1955 733 2027 turbaverat.

246 2073 289 2144 In
307 2071 503 2144 lectionum
520 2071 694 2144 varietate
718 2068 876 2142 notanda
899 2071 1005 2144 mitto
1031 2071 1154 2144 sordes
1184 2095 1273 2166 quas
1291 2074 1471 2170 congessit
1488 2077 1565 2148 Fel-

170 2190 327 2264 lowsius.
373 2190 575 2264 Pocockius
602 2191 717 2264 edidit
734 2196 951 2268 rotave.
1009 2191 1116 2290 Spon.
1140 2205 1177 2267 et
1200 2194 1239 2266 P.
1262 2195 1300 2266 in
1319 2198 1351 2266 4.
1376 2201 1562 2272 cotctA

172 2317 330 2388 maus.
355 2313 486 2385 omisso
505 2319 678 2390 coust.
736 2315 779 2387 In
795 2315 826 2387 6.
850 2313 897 2386 ad
917 2313 976 2387 fin.
995 2315 1035 2387 P.
1057 2322 1129 2402 ΕΜ,
1148 2340 1190 2388 ac
1211 2315 1240 2386 si
1257 2313 1368 2388 fuerit
1384 2313 1560 2391 Emerito:

168 2448 265 2507 recte
286 2434 346 2532 sp.
366 2435 429 2530 qui
447 2449 566 2508 tamen
583 2461 658 2508 non
675 2436 832 2510 servavit
848 2435 1040 2534 ligaturam
1058 2437 1096 2510 in
1112 2437 1194 2510 loco
1213 2436 1423 2534 penultimo.
1466 2437 1509 2508 Iu
1526 2439 1558 2509 7.

169 2553 227 2625 fin.
243 2555 325 2627 Poc.
341 2562 524 2629 ΕΤΤΒΙΒ.
561 2557 708 2630 Rectius
725 2555 783 2654 Sp.
798 2567 836 2629 et
852 2557 941 2629 Fell.
953 2563 1062 2630 ratu
1080 2569 1117 2629 et
1128 2563 1206 2631 rut
1227 2557 1303 2630 sine
1319 2564 1344 2631 Ε
1360 2557 1561 2654 praeposito.

169 2675 366 2774 Subjungit
383 2673 515 2750 deinde
533 2677 696 2749 Fcllows.
717 2684 791 2763 ΕΜ,
809 2677 938 2774 opinor
955 2701 1003 2750 ex
1016 2701 1124 2750 versu
1140 2689 1334 2774 praeeunte.
1371 2678 1416 2750 In
1428 2679 1460 2749 8.
1474 2678 1558 2749 Poc.

166 2801 449 2871 uturocou.
475 2795 941 2880 Deinvotvurnutou
952 2795 1079 2867 etPoc.
1089 2807 1126 2867 et
1139 2794 1198 2891 Sp.
1223 2797 1370 2868 Mecum
1382 2796 1561 2868 consentit

164 2916 252 2988 Fell
270 2929 447 3012 quatenus
467 2915 631 3012 judicare
654 2915 739 2988 licet
762 2941 810 2987 ex
828 2915 979 3012 vestigio
1000 2920 1175 2992 vultu.
1233 2917 1277 2987 In
1294 2940 1326 2987 ν.
1347 2917 1378 2988 9.
1400 2915 1459 3012 Sp.
1472 2915 1557 2988 Poc.

164 3045 371 3113 Tataula.
428 3039 516 3112 Fell.
536 3051 700 3110 nostrum
719 3042 861 3110 Mltt't'.
920 3036 965 3106 In
984 3037 1039 3108 10.
1060 3034 1119 3130 Sp.
1138 3035 1221 3106 Poc.
1241 3037 1553 3128 suntethtr.

166 3161 255 3232 Fell.
287 3159 334 3232 ad
360 3171 523 3233 nostrum
551 3157 691 3232 accedit
718 3155 817 3253 quod
844 3155 1048 3228 luculenter
1075 3153 1263 3227 constabat
1295 3153 1334 3228 in
1368 3177 1557 3238 marmore,

167 3280 286 3378 posito
306 3285 557 3354 ΡΒΑΕῈΕΤΩ.

243 3399 393 3476 Claudit
412 3399 511 3472 hunc
528 3398 674 3472 titulum
697 3396 786 3494 sigle
807 3402 893 3474 VlC
914 3420 998 3468 cum
1026 3392 1203 3466 numerali
1221 3415 1300 3466 v111.
1355 3393 1453 3486 Quid
1481 3393 1558 3466 haec

167 3522 282 3596 velint
302 3520 438 3594 dubito.
491 3519 728 3615 Conjeceram
746 3517 817 3592 vice
841 3529 972 3608 octaua,
998 3537 1153 3608 namque
1180 3525 1218 3586 et
1244 3513 1305 3586 alii
1332 3513 1556 3606 exstiterant,

167 3653 258 3713 teste
270 3638 415 3736 sponio,
425 3661 572 3735 prorsus
590 3635 734 3720 similes,
745 3658 834 3731 quas
848 3657 885 3707 se
897 3630 1136 3706 Alexandriae
1149 3644 1409 3704 commoratum
1421 3631 1554 3705 vidisse

166 3759 278 3833 refert
306 3783 389 3833 cum
416 3757 512 3830 notis
529 3779 594 3829 vu.
614 3777 664 3828 rx.
716 3751 934 3828 Verosimile
952 3763 1008 3824 est
1025 3750 1147 3848 plures
1175 3763 1309 3824 statuas
1325 3751 1363 3822 in
1381 3749 1555 3824 honorem

167 3879 338 3977 principis
365 3901 491 3950 eorum
518 3875 629 3948 fuisse
659 3873 872 3954 constitutas
907 3871 953 3944 ab
983 3871 1222 3967 Aprensibus,
1251 3871 1553 3968 Philippensibus,

167 4000 338 4085 Furianis,
352 4012 418 4072 etc.
438 4021 527 4094 quas
544 3993 696 4094 proinde
716 3991 923 4092 singillatim
941 3989 1100 4063 numeris
1117 3989 1267 4086 adjectis
1281 3989 1556 4089 designaverant

205 4256 361 4337 ‘voyage
381 4267 434 4316 stc
459 4265 527 4313 tom
548 4272 566 4311 u
591 4274 617 4330 p.
639 4257 704 4318 299.
751 4250 831 4309 cont.
924 4248 1254 4323 llusor.Antiq.p.¹ll.

167 4359 286 4419 Miscell
302 4356 392 4414 Erud.
405 4357 507 4431 Autiq.
520 4373 567 4431 pp.
580 4353 643 4416 173.
654 4373 674 4410 s.
924 4347 936 4384 ²¹
952 4348 1083 4412 Journal,
1099 4357 1152 4403 etc.
1167 4365 1215 4422 pp.
1230 4343 1277 4404 60.
1290 4345 1356 4405 319.
