3972 5240
175 601 525 688 insen.cexx.‚ccxxi.]
767 599 985 665 ATTALIA.

622 1156 985 1227 ΝΚΟΣΜΙΟΝΚΑΙΣ

621 1267 1107 1339 ΟΝΑΕΓΙΑΡΧΟΝΤΕΧΝΕΙ

620 1382 1129 1453 ΩΝΥΙΟΝΓΑΙΟΥΛΙΚΙΝΝΙ

617 1491 709 1562 ΟΥ.
737 1541 746 1564 .
774 1541 784 1562 .
812 1494 1054 1565 ,ΕΠΑΡΧΟΥ

546 1603 567 1672 5
617 1607 1126 1677 ΤΕΧΝΕΙΤΩΝΚΑΙΙΕΡΕΩΣ

619 1717 1176 1791 ΔΙΑΒΙΟΥΔΙΟΣΤΡΟΠΑΙΟΥ

616 1831 1096 1903 ΧΟΥΖΗΣΑΝΤΑΚΑΛΩΣ

685 1945 1016 2016 Aeantium

542 2095 545 2102 ι
574 2056 1193 2128 .οΔΑΙ“ΙΑΝΗΜΑΕΠΟΙΗΣΑΤΟ

473 2167 518 2237 10
568 2169 1123 2241 ΟΙῚΑΤΗΡΜΝΗΜΗΣΧΑΡΙΝ

225 2355 401 2462 Ῥοῦφον,
422 2355 568 2434 νεανίαν
587 2349 747 2454 κόσμιον
767 2355 827 2434 καὶ
846 2353 1031 2462 σώφρονα
1049 2389 1083 2436 κ.
1097 2391 1131 2438 τ.
1145 2366 1183 2436 λ.
1204 2375 1246 2438 ut
1262 2364 1301 2436 in
1319 2363 1371 2436 tit.
1389 2387 1515 2464 praegr.

246 2567 411 2662 Uterque
439 2587 487 2638 ex
513 2562 722 2640 honorificis
749 2575 813 2638 est
875 2563 1055 2638 Memoria
1088 2561 1200 2662 Rufi(
1207 2562 1243 2657 i)
1271 2561 1460 2660 eujusdam
1495 2562 1558 2658 qui

170 2684 288 2759 fueret
304 2681 501 2756 Praefeetue
517 2679 659 2756 februm
676 2691 911 2756 conservetur
927 2693 1075 2778 propter
1085 2681 1195 2756 vitum
1206 2679 1337 2756 decore
1355 2694 1393 2756 et
1408 2680 1558 2757 honeste

170 2817 285 2879 ectum
307 2828 329 2878 a
351 2815 452 2900 petre
470 2801 622 2888 Licinio,
639 2800 718 2898 ipso
741 2798 913 2886 Flumine,
936 2797 1113 2872 Praefeeto
1138 2797 1290 2886 februm,
1313 2813 1351 2874 et
1373 2799 1558 2878 secerdote

170 2925 361 3024 pervitam
379 2923 484 2998 iovis
502 2920 673 3019 tropaeeti.
726 2919 830 2994 Nihil
847 2917 1053 3016 discrepent
1069 2919 1166 2993 tituli
1182 2919 1252 2993 uisi
1269 2919 1369 3017 quod
1391 2921 1429 2995 in
1447 2943 1555 2996 ccxx.

172 3045 305 3118 omissa
319 3043 500 3117 cernimus
517 3043 1088 3115 ΛΑΝΠΡΟΝΚΑΙΕΝΑΡΕΤΟΝ.
1155 3041 1366 3138 Descriptus
1383 3040 1494 3114 hebui
1511 3041 1557 3114 de

169 3165 310 3240 buuium
327 3161 537 3260 fingmentis
554 3159 650 3234 iuter
666 3159 859 3260 patietinne
876 3159 1094 3234 Attuleuses.

244 3285 331 3358 Meu
346 3281 485 3357 contuli
501 3305 584 3354 cum
601 3279 869 3378 exemplaribus
886 3304 968 3377 quae
985 3305 1101 3378 nuper
1120 3305 1262 3356 mecum
1279 3283 1559 3356 communicavit

169 3403 379 3478 Bonelliue.
416 3402 460 3474 In
477 3400 594 3498 primo
607 3399 716 3473 obvie
726 3397 942 3472 incuriosius
960 3397 1148 3496 descripta,
1169 3403 1554 3475 ΡΟΥΙΟΝΔΕΑΝΙΑΝ

172 3522 688 3601 κοῑΜι.ιΩΝΑΑΝπΡΩΝ.
744 3514 888 3590 Deinde
914 3515 953 3588 in
973 3539 1007 3587 v.
1027 3517 1059 3588 5.
1088 3520 1361 3590 ΛικιιΝΝιοΥ.
1388 3517 1474 3590 ibid.
1504 3543 1554 3615 sq.

169 3648 399 3722 ΦΛΑΜΜΕΠ
420 3651 487 3713 eto.
506 3639 545 3711 iu
564 3641 598 3712 8.
620 3641 749 3712 ΠΡΟΠ
769 3649 846 3724 ete,
864 3635 963 3732 quod
979 3635 1018 3709 in
1035 3635 1148 3709 altero
1165 3635 1356 3734 repetitum
1375 3635 1558 3716 hebemus.

169 3791 252 3840 cum
267 3767 441 3838 ΛΙΚΙΝΝΙ
455 3764 713 3834 ,ΤΟΥΑΟΩΝ
732 3757 771 3831 in
788 3760 872 3832 3-4.
909 3760 952 3832 In
969 3757 1040 3832 hoc
1056 3756 1186 3830 ultimo
1202 3757 1353 3855 vestigia
1369 3758 1557 3855 agnoveris

168 3886 249 3960 lect.
267 3887 408 3976 MAM,
425 3905 507 3978 qum
523 3881 561 3954 in
578 3879 686 3954 titulo
706 3878 781 3976 (d.)
798 3879 1003 3954 luculenter
1019 3889 1150 3976 exstat..

749 4155 929 4231 CCXXI.
958 4155 979 4228 i.

167 4355 248 4438 Τὸν
268 4361 370 4436 δεῖνα
390 4359 479 4435 Ka·
495 4365 561 4458 (sc.
583 4357 873 4432 Kamruilivovl
888 4358 943 4432 vel
966 4354 1040 4430 Κλ.
1067 4382 1112 4429 sc.
1133 4348 1370 4452 Κλαύδιονῖ)
1391 4395 1557 4411 ······
