3956 5248
153 569 366 650 resonarem]
777 562 904 629 Tuos.
1475 567 1534 632 361

154 753 227 817 Hoc
241 751 427 839 scriptores².
472 751 604 816 Nummi
628 775 752 836 quoque
775 748 935 814 autonomi
956 761 1082 814 exstent
1096 749 1130 814 in
1145 751 1259 836 quibus
1271 750 1437 838 (referente
1450 751 1535 815 Eclr-

151 857 251 945 helio)
264 860 380 924 videtur
396 870 485 944 typus
499 881 532 922 eo
548 859 698 933 adludere,
719 858 799 942 qnod
813 866 920 918 narrar
931 853 1055 932 Saldae,
1072 855 1221 922 Cretenses
1234 859 1320 943 apud
1339 857 1416 921 lanc
1432 857 1537 922 urbem

150 965 348 1052 ramesmere
362 987 420 1030 etse
434 960 556 1028 solr'toe'.
594 962 688 1028 Certe
704 959 798 1025 hodie
813 971 942 1024 manent
956 983 1053 1046 prope
1069 983 1171 1026 arcem
1187 961 1322 1046 antique
1337 961 1422 1027 urbis
1437 961 1537 1050 parie-

150 1071 224 1136 tinae
250 1069 365 1136 sedium
394 1093 548 1135 sacrarum
578 1093 647 1156 quae
672 1069 798 1134 fortasse
823 1067 993 1156 Dictynnae
1023 1067 1121 1146 fuere,
1149 1093 1234 1134 nunc
1257 1069 1395 1135 ecclesiae
1419 1070 1536 1136 Graeeae

152 1175 461 1242 Palaeocastrensium
486 1175 699 1240 fundamenta.
753 1173 884 1240 Restant
912 1186 944 1238 et
966 1173 1117 1238 moenium
1141 1174 1247 1252 ruinae,
1275 1200 1344 1261 quae
1374 1201 1392 1240 a
1420 1176 1537 1242 colonis

155 1283 279 1350 Achaeis
294 1296 326 1348 et
340 1282 520 1348 Laconibus
534 1295 694 1348 exstructa
707 1293 811 1346 narrat
827 1279 962 1346 Strabob.

217 1387 324 1474 Hujus
335 1386 444 1474 populi
460 1399 492 1452 et
506 1385 651 1452 meminit
666 1384 830 1473 Polybiuse
845 1385 1038 1470 conjunctim
1056 1409 1129 1450 cum
1144 1385 1275 1464 Ceretis,
1299 1387 1463 1474 Lampaeis,
1478 1399 1536 1452 etc.

154 1493 271 1581 Lyttiis
296 1517 388 1581 opem
414 1507 521 1558 contra
537 1493 739 1560 Cnossiorum
763 1492 962 1580 tyrannidem
980 1491 1115 1570 ferentis,
1132 1491 1358 1580 legationisque
1376 1518 1484 1560 eorum
1499 1494 1539 1560 ed

154 1601 339 1688 Philippum
354 1613 386 1666 et
404 1601 543 1678 Achaeos,
559 1614 595 1666 ut
610 1601 670 1668 eibi
685 1601 725 1666 ad
739 1600 857 1666 bellum
871 1599 1120 1688 prosequendum
1137 1614 1169 1664 et
1183 1599 1410 1666 confirmandos
1421 1601 1539 1666 animos

153 1707 307 1772 sociorum
322 1707 442 1774 auxilia
455 1709 636 1776 mitterent:
659 1709 744 1796 quod
758 1733 822 1774 non
837 1709 960 1774 irritum
976 1709 1116 1775 cedebat.

217 1813 300 1878 Ibid.
325 1817 456 1900 Κόσμοι.
503 1815 557 1880 Sic
572 1815 720 1904 appellati
744 1814 900 1904 principes
916 1814 976 1878 viri
1000 1813 1033 1878 in
1056 1813 1187 1880 urbibus
1202 1813 1400 1879 Cretensium
1424 1814 1537 1902 megis-

154 1931 269 1982 tratum
285 1917 443 1994 obeuntes,
460 1917 697 1995 Eleuthernaeis,
722 1917 872 1994 Istroniis,
890 1917 1048 2005 Sybritiis,
1064 1917 1291 2008 Hierapytniis,
1306 1919 1462 1996 Priansiis,
1479 1933 1536 1984 etc.

154 2026 239 2112 quod
253 2049 295 2090 ex
311 2025 422 2090 titulis‘¹
437 2025 547 2112 liquet.

218 2132 338 2196 Notum
352 2145 399 2197 est
413 2129 598 2218 profluxisse
619 2154 661 2194 ex
683 2128 793 2216 politia
814 2127 1011 2193 Cretensium
1028 2127 1236 2215 Lycurgeam,
1253 2151 1323 2212 quae
1342 2127 1423 2193 inter
1443 2127 1539 2193 Lace-

154 2238 323 2303 daemonios
336 2251 461 2324 recepta
475 2250 532 2314 est,
547 2235 703 2300 elaborata
717 2257 791 2298 vero
807 2234 906 2322 magis
927 2247 959 2299 et
973 2248 1093 2300 exacta.
1138 2233 1224 2300 Hinc
1239 2235 1413 2323 analogiam
1428 2237 1539 2322 quaen't

154 2344 235 2408 inter
257 2342 381 2431 singula
406 2342 539 2416 Strabo⁰,
563 2363 697 2426 quorum
723 2338 790 2404 haec
819 2339 948 2405 nomina
969 2340 1156 2418 retinebant,
1174 2340 1229 2406 illa
1251 2342 1422 2418 mutabant,
1442 2367 1493 2407 ex.
1509 2368 1537 2408 c.

155 2450 362 2536 Ephororum,
378 2471 456 2534 quos
470 2447 595 2512 eosdem
610 2444 703 2510 fuisse
718 2469 791 2510 cum
805 2444 927 2510 Cosmis
942 2445 1048 2511 trudit.
1092 2445 1187 2526 Dein,
1203 2471 1244 2512 ex
1260 2447 1385 2511 illorum
1409 2472 1538 2514 numero

153 2581 290 2623 summos
304 2556 501 2644 magistratus
516 2555 625 2621 decem
639 2554 734 2620 fuisse
748 2553 871 2620 eleetos.
917 2555 963 2618 Hi
974 2556 1161 2643 Ἄρχοντες.

220 2665 407 2728 Cosmorum
432 2661 577 2727 meminit
600 2673 633 2726 et
655 2659 866 2725 Aristoteles':
888 2659 982 2724 luisse
1001 2684 1133 2726 numero
1159 2660 1279 2740 decern,
1304 2685 1436 2747 quorum
1459 2686 1539 2726 unus

154 2783 219 2834 erat
234 2767 429 2855 Eponymus,
444 2765 507 2844 vel,
522 2764 673 2850 sequioris
688 2763 757 2840 sevi,
773 2762 1003 2830 Protocosmus.

215 2876 243 2937 6.
268 2871 497 2960 Ἀπολλοὸότῳ
514 2879 561 2940 καὶ
579 2873 723 2959 Κολώτᾳ.
757 2870 882 2936 Horum
893 2871 1021 2938 nomina
1033 2887 1203 2940 cernuntur
1217 2888 1249 2940 et
1263 2874 1297 2938 in
1313 2875 1455 2962 plurimis
1470 2875 1538 2940 aliis

154 2977 378 3044 Chishullianis
394 3001 471 3064 quos
485 2976 585 3043 edidit
597 2976 782 3042 Biickhius:
806 2976 1107 3055 Eleuthemaeorum,
1131 3003 1162 3044 n.
1184 2981 1276 3046 3047.
1322 2981 1537 3059 Istroniorum,

153 3109 182 3149 n.
210 3087 304 3150 3048.
358 3083 517 3148 Axiorum
549 3083 731 3170 (Ραυξιων),
761 3107 791 3148 n.
820 3084 913 3150 3050.
969 3083 1186 3172 Lappaeorum,
1214 3111 1243 3151 n.
1266 3087 1360 3153 3056.
1416 3087 1538 3154 Omitto

154 3189 310 3255 Rhaucios
325 3205 357 3254 et
368 3187 598 3277 Polyrrhenios‚
614 3212 747 3275 quorum
763 3189 887 3256 decreta
901 3205 1012 3278 praesto
1026 3205 1109 3256 sunt.

217 3299 246 3360 5.
264 3296 420 3364 Ἀσυλον.
465 3295 545 3360 Rem
571 3295 691 3360 dudum
716 3295 834 3361 eximie
860 3295 1006 3362 tractavit
1031 3297 1226 3364 doctissimus
1252 3298 1474 3386 Spanhemius‘
1500 3300 1539 3366 de

153 3402 245 3490 asylis
260 3401 424 3489 praecipuis
439 3402 524 3489 apud
540 3401 701 3479 Ethnicos,
718 3402 757 3467 de
777 3401 930 3468 limitibus
952 3427 1059 3469 eorum
1075 3403 1220 3481 definitis,
1235 3421 1268 3470 et
1282 3404 1321 3470 de
1333 3431 1407 3471 vera
1420 3406 1539 3472 ratione

153 3506 305 3572 dictarum
320 3505 354 3570 in
374 3505 511 3571 nummis
525 3504 653 3571 urbium
668 3510 761 3594 ἱερῶν
777 3513 824 3574 καὶ
843 3505 983 3575 ἀσύλων.
1029 3507 1173 3574 Breviter
1187 3508 1366 3589 dicendum,
1383 3511 1539 3600 asylorum

183 3760 193 3784 ¹
208 3753 273 3801 eous.
286 3753 362 3800 Strnb.
374 3765 399 3798 x.
412 3754 434 3798 4.
444 3765 464 3814 p
476 3753 530 3800 677.
542 3751 569 3798 Τ.
587 3750 646 3798 Plin.
656 3763 690 3798 tv.
699 3752 737 3797 20.
746 3752 767 3796 6.
900 3756 910 3782 ⁸
928 3751 1022 3798 Libere
1036 3755 1058 3800 5.
1070 3766 1107 3812 pp.
1120 3753 1174 3800 680.
1187 3766 1205 3800 a
1223 3755 1278 3801 686.
1291 3755 1317 3800 Τ.

182 3843 193 3870 ·
209 3839 289 3886 Dortr.
298 3845 340 3885 etc
351 3837 398 3884 vol.
406 3849 433 3886 ιι.
444 3851 466 3897 p.
475 3838 529 3884 618.
539 3837 561 3883 b.
901 3831 910 3866 ¹
929 3835 997 3883 Poh't
1010 3849 1037 3883 ιι.
1052 3839 1086 3884 10.
1112 3837 1178 3885 conr.
1190 3837 1261 3885 Insrr.
1274 3837 1364 3887 Gruter.
1377 3853 1399 3898 p.
1407 3851 1537 3886 uuxxrr.

182 3921 342 3982 hUbisnpra
377 3919 430 3970 Εἶτ’
442 3919 544 3984 Ἀχαιοὶ
555 3921 597 3969 rol
606 3918 725 3977 Λάκωνες
734 3914 816 3982 συνῷ-
870 3919 892 3964 9.
910 3915 993 3964 Mum.
1010 3918 1098 3964 Anmd.
1122 3919 1146 3964 in
1169 3919 1268 3968 Reinesii
1290 3921 1411 3982 syntagm
1431 3935 1479 3969 vu.
1500 3925 1538 3969 22.

151 4002 817 4072 κησιιν,τειχὶσαντεςέρυμνὸνχώριονβλέπονπρὸς
866 4017 889 4062 p
902 4005 948 4050 tal
969 4004 1030 4063 quod
1049 4003 1109 4051 inter
1123 4004 1259 4052 Btckhiaoa
1273 4007 1374 4066 observo,
1388 4009 1458 4054 2556.
1476 4006 1539 4054 Gru·

150 4093 320 4158 μωημβρὶαν,
871 4087 984 4134 tatianum
995 4089 1148 4147 quoquainn.
1161 4091 1232 4138 2572.
1266 4091 1355 4150 Inhoc,
1369 4106 1391 4137 v.
1402 4093 1438 4139 10.
1451 4105 1537 4138 memo-

182 4182 192 4207 ²
208 4175 236 4223 In
247 4177 317 4224 Turb.
330 4175 431 4224 Creterra
442 4173 481 4238 (L.
494 4171 543 4237 ιν.)
556 4189 575 4223 c.
588 4176 626 4234 66,
637 4177 659 4224 6.
677 4176 715 4233 ts,
728 4177 748 4221 1.
870 4179 934 4220 rat-ur
945 4172 1111 4230 Protocosrnus,
1124 4174 1180 4220 etin
1189 4189 1250 4236 seqq.
1261 4177 1331 4223 WB.
1343 4181 1385 4223 ate.

181 4259 193 4291 ⁴
210 4261 260 4308 vn
274 4259 386 4308 cnnhult
395 4259 419 4306 in
428 4259 517 4308 Bb'ckln
526 4259 572 4306 vot
584 4273 613 4308 rr.
627 4273 664 4320 pp
678 4261 732 4308 684.
746 4273 775 4307 sa
902 4263 914 4300 Ι
932 4257 967 4304 De
979 4273 1028 4316 usu,
1041 4265 1082 4304 etc
1101 4258 1196 4306 Dissert.
1209 4273 1244 4307 ur.
1257 4274 1294 4320 pp.
1306 4263 1358 4308 667.
1369 4275 1397 4308 sa

214 4361 330 4406 rusum.
347 4362 382 4406 ιι.
820 4341 839 4405 3
856 4361 876 4405 ι
