<?xml version="1.0" encoding="UTF-8"?>
<!DOCTYPE html PUBLIC "-//W3C//DTD XHTML 1.0 Transitional//EN"
    "http://www.w3.org/TR/xhtml1/DTD/xhtml1-transitional.dtd">
<html xmlns="http://www.w3.org/1999/xhtml" xml:lang="en" lang="en">
 <head>
  <title>
</title>
<meta http-equiv="Content-Type" content="text/html;charset=utf-8" />
  <meta name='ocr-system' content='tesseract 3.04.00' />
  <meta name='ocr-capabilities' content='ocr_page ocr_carea ocr_par ocr_line ocrx_word'/>
</head>
<body>
  <div class='ocr_page' id='page_1' title='image "./fasciculusinscr01kenngoog_0381.png"; bbox 0 0 3956 5248; ppageno 0'>
   <div class='ocr_carea' id='block_1_1' title="bbox 451 548 1834 638">
    <p class='ocr_par' dir='ltr' id='par_1_1' title="bbox 451 548 1834 638">
     <span class='ocr_line' id='line_1_1' title="bbox 451 548 1834 638; baseline -0.002 -24"><span class='ocrx_word' id='word_1_1' title='bbox 451 551 512 614; x_wconf 74' lang='lat'>362</span> <span class='ocrx_word' id='word_1_2' title='bbox 992 548 1282 615; x_wconf 86' lang='lat' dir='ltr'>AUCTARIUM.</span> <span class='ocrx_word' id='word_1_3' title='bbox 1624 551 1834 638; x_wconf 72' lang='lat' dir='ltr'>[rasoncuv.</span> 
     </span>
    </p>
   </div>
   <div class='ocr_carea' id='block_1_2' title="bbox 448 732 1835 1036">
    <p class='ocr_par' dir='ltr' id='par_1_2' title="bbox 448 732 1835 1036">
     <span class='ocr_line' id='line_1_2' title="bbox 448 732 1835 822; baseline -0.001 -22"><span class='ocrx_word' id='word_1_4' title='bbox 448 736 533 800; x_wconf 89' lang='lat' dir='ltr'>haud</span> <span class='ocrx_word' id='word_1_5' title='bbox 548 759 642 800; x_wconf 89' lang='lat' dir='ltr'>unam</span> <span class='ocrx_word' id='word_1_6' title='bbox 657 733 750 800; x_wconf 84' lang='lat' dir='ltr'>luisse</span> <span class='ocrx_word' id='word_1_7' title='bbox 765 733 839 798; x_wconf 89' lang='lat' dir='ltr'>olim</span> <span class='ocrx_word' id='word_1_8' title='bbox 860 733 1021 810; x_wconf 87' lang='lat' dir='ltr'>rationem,</span> <span class='ocrx_word' id='word_1_9' title='bbox 1041 758 1095 798; x_wconf 84' lang='lat' dir='ltr'>seu</span> <span class='ocrx_word' id='word_1_10' title='bbox 1115 734 1218 819; x_wconf 87' lang='lat' dir='ltr'>quoad</span> <span class='ocrx_word' id='word_1_11' title='bbox 1242 733 1377 822; x_wconf 84' lang='lat' dir='ltr'>spatium</span> <span class='ocrx_word' id='word_1_12' title='bbox 1392 732 1476 798; x_wconf 90' lang='lat' dir='ltr'>illius</span> <span class='ocrx_word' id='word_1_13' title='bbox 1493 734 1574 819; x_wconf 87' lang='lat' dir='ltr'>juris</span> <span class='ocrx_word' id='word_1_14' title='bbox 1596 735 1759 802; x_wconf 86' lang='lat' dir='ltr'>indultum</span> <span class='ocrx_word' id='word_1_15' title='bbox 1784 761 1835 800; x_wconf 89' lang='lat' dir='ltr'>seu</span> 
     </span>
     <span class='ocr_line' id='line_1_3' title="bbox 449 838 1835 930; baseline 0.001 -24"><span class='ocrx_word' id='word_1_16' title='bbox 449 841 551 927; x_wconf 88' lang='lat' dir='ltr'>quoad</span> <span class='ocrx_word' id='word_1_17' title='bbox 566 863 710 930; x_wconf 84' lang='lat' dir='ltr'>personas</span> <span class='ocrx_word' id='word_1_18' title='bbox 724 839 838 925; x_wconf 87' lang='lat' dir='ltr'>quibus</span> <span class='ocrx_word' id='word_1_19' title='bbox 853 861 1033 904; x_wconf 89' lang='lat' dir='ltr'>concessum</span> <span class='ocrx_word' id='word_1_20' title='bbox 1045 853 1092 904; x_wconf 86' lang='lat' dir='ltr'>est</span> <span class='ocrx_word' id='word_1_21' title='bbox 1104 839 1291 928; x_wconf 86' lang='lat' dir='ltr'>perfugium.</span> <span class='ocrx_word' id='word_1_22' title='bbox 1322 838 1416 904; x_wconf 80' lang='lat' dir='ltr'>Certe</span> <span class='ocrx_word' id='word_1_23' title='bbox 1428 839 1616 928; x_wconf 89' lang='lat' dir='ltr'>templorum</span> <span class='ocrx_word' id='word_1_24' title='bbox 1629 842 1835 926; x_wconf 86' lang='lat' dir='ltr'>quorumdam</span> 
     </span>
     <span class='ocr_line' id='line_1_4' title="bbox 450 945 1833 1036; baseline -0.001 -23"><span class='ocrx_word' id='word_1_25' title='bbox 450 947 543 1036; x_wconf 81' lang='lat' dir='ltr'>asylis</span> <span class='ocrx_word' id='word_1_26' title='bbox 566 947 598 1012; x_wconf 87' lang='lat' dir='ltr'>id</span> <span class='ocrx_word' id='word_1_27' title='bbox 622 946 805 1034; x_wconf 85' lang='lat' dir='ltr'>permissum</span> <span class='ocrx_word' id='word_1_28' title='bbox 820 945 955 1033; x_wconf 85' lang='lat' dir='ltr'>legimus</span> <span class='ocrx_word' id='word_1_29' title='bbox 972 962 1008 1011; x_wconf 86' lang='lat' dir='ltr'>ut</span> <span class='ocrx_word' id='word_1_30' title='bbox 1023 945 1168 1011; x_wconf 85' lang='lat' dir='ltr'>omuibus</span> <span class='ocrx_word' id='word_1_31' title='bbox 1190 946 1366 1034; x_wconf 80' lang='lat' dir='ltr'>promiscue</span> <span class='ocrx_word' id='word_1_32' title='bbox 1389 961 1533 1034; x_wconf 87' lang='lat' dir='ltr'>receptus</span> <span class='ocrx_word' id='word_1_33' title='bbox 1552 947 1687 1024; x_wconf 81' lang='lat' dir='ltr'>daretur,</span> <span class='ocrx_word' id='word_1_34' title='bbox 1704 950 1747 1014; x_wconf 83' lang='lat' dir='ltr'>ab</span> <span class='ocrx_word' id='word_1_35' title='bbox 1770 948 1833 1012; x_wconf 89' lang='lat' dir='ltr'>aliis</span> 
     </span>
    </p>
   </div>
   <div class='ocr_carea' id='block_1_3' title="bbox 449 1057 1836 1996">
    <p class='ocr_par' dir='ltr' id='par_1_3' title="bbox 449 1057 1642 1150">
     <span class='ocr_line' id='line_1_5' title="bbox 449 1057 1642 1150; baseline -0.003 -23"><span class='ocrx_word' id='word_1_36' title='bbox 449 1087 524 1128; x_wconf 85' lang='lat' dir='ltr'>vero</span> <span class='ocrx_word' id='word_1_37' title='bbox 538 1061 717 1150; x_wconf 86' lang='lat' dir='ltr'>graviorum</span> <span class='ocrx_word' id='word_1_38' title='bbox 733 1059 899 1125; x_wconf 88' lang='lat' dir='ltr'>criminum</span> <span class='ocrx_word' id='word_1_39' title='bbox 915 1083 992 1138; x_wconf 86' lang='lat' dir='ltr'>reos,</span> <span class='ocrx_word' id='word_1_40' title='bbox 1008 1059 1183 1146; x_wconf 84' lang='lat' dir='ltr'>sacrilegos,</span> <span class='ocrx_word' id='word_1_41' title='bbox 1199 1081 1303 1124; x_wconf 85' lang='lat' dir='ltr'>servos</span> <span class='ocrx_word' id='word_1_42' title='bbox 1318 1057 1480 1146; x_wconf 83' lang='lat' dir='ltr'>fugitivos,</span> <span class='ocrx_word' id='word_1_43' title='bbox 1490 1059 1642 1146; x_wconf 85' lang='lat' dir='ltr'>abreptos.</span> 
     </span>
    </p>

    <p class='ocr_par' dir='ltr' id='par_1_4' title="bbox 450 1162 1836 1468">
     <span class='ocr_line' id='line_1_6' title="bbox 471 1162 1836 1255; baseline -0.001 -23"><span class='ocrx_word' id='word_1_44' title='bbox 471 1175 476 1184; x_wconf 92' lang='lat'>&#39;</span> <span class='ocrx_word' id='word_1_45' title='bbox 509 1167 649 1255; x_wconf 79' lang='lat' dir='ltr'>Asyliam</span> <span class='ocrx_word' id='word_1_46' title='bbox 661 1165 774 1254; x_wconf 87' lang='lat' dir='ltr'>passim</span> <span class='ocrx_word' id='word_1_47' title='bbox 784 1167 988 1252; x_wconf 84' lang='lat' dir='ltr'>comprobant</span> <span class='ocrx_word' id='word_1_48' title='bbox 998 1164 1130 1229; x_wconf 90' lang='lat' dir='ltr'>nummi.</span> <span class='ocrx_word' id='word_1_49' title='bbox 1146 1162 1234 1228; x_wconf 81' lang='lat' dir='ltr'>(litat</span> <span class='ocrx_word' id='word_1_50' title='bbox 1244 1163 1469 1251; x_wconf 74' lang='lat' dir='ltr'>spanhemiush</span> <span class='ocrx_word' id='word_1_51' title='bbox 1477 1165 1836 1253; x_wconf 78' lang='lat' dir='ltr'>Apamensem(Syriae);</span> 
     </span>
     <span class='ocr_line' id='line_1_7' title="bbox 451 1271 1833 1362; baseline -0.001 -23"><span class='ocrx_word' id='word_1_52' title='bbox 451 1274 671 1339; x_wconf 85' lang='lat' dir='ltr'>Gaesariensem</span> <span class='ocrx_word' id='word_1_53' title='bbox 688 1273 818 1360; x_wconf 86' lang='lat' dir='ltr'>(Tyri);</span> <span class='ocrx_word' id='word_1_54' title='bbox 842 1275 1024 1362; x_wconf 76' lang='lat' dir='ltr'>Pergaeum3</span> <span class='ocrx_word' id='word_1_55' title='bbox 1050 1271 1265 1360; x_wconf 85' lang='lat' dir='ltr'>Ephesinum¹.</span> <span class='ocrx_word' id='word_1_56' title='bbox 1312 1271 1377 1338; x_wconf 89' lang='lat' dir='ltr'>Sed</span> <span class='ocrx_word' id='word_1_57' title='bbox 1392 1271 1431 1336; x_wconf 92' lang='lat' dir='ltr'>de</span> <span class='ocrx_word' id='word_1_58' title='bbox 1451 1271 1510 1338; x_wconf 86' lang='lat' dir='ltr'>hac</span> <span class='ocrx_word' id='word_1_59' title='bbox 1530 1272 1668 1346; x_wconf 75' lang='lat' dir='ltr'>materia,</span> <span class='ocrx_word' id='word_1_60' title='bbox 1683 1274 1833 1360; x_wconf 84' lang='lat' dir='ltr'>gravioris</span> 
     </span>
     <span class='ocr_line' id='line_1_8' title="bbox 450 1378 1215 1468; baseline -0.003 -24"><span class='ocrx_word' id='word_1_61' title='bbox 450 1381 567 1468; x_wconf 88' lang='lat' dir='ltr'>quippe</span> <span class='ocrx_word' id='word_1_62' title='bbox 581 1378 742 1458; x_wconf 81' lang='lat' dir='ltr'><strong>momenti,</strong></span> <span class='ocrx_word' id='word_1_63' title='bbox 758 1379 963 1466; x_wconf 86' lang='lat' dir='ltr'>explicatiora</span> <span class='ocrx_word' id='word_1_64' title='bbox 978 1379 1113 1467; x_wconf 85' lang='lat' dir='ltr'>proferre</span> <span class='ocrx_word' id='word_1_65' title='bbox 1128 1378 1215 1444; x_wconf 87' lang='lat' dir='ltr'>libet.</span> 
     </span>
    </p>

    <p class='ocr_par' dir='ltr' id='par_1_5' title="bbox 449 1483 1835 1996">
     <span class='ocr_line' id='line_1_9' title="bbox 514 1483 1835 1572; baseline 0.002 -24"><span class='ocrx_word' id='word_1_66' title='bbox 514 1485 742 1563; x_wconf 57' lang='lat' dir='ltr'>Definiuntua,</span> <span class='ocrx_word' id='word_1_67' title='bbox 754 1484 788 1549; x_wconf 92' lang='lat' dir='ltr'>in</span> <span class='ocrx_word' id='word_1_68' title='bbox 803 1483 922 1572; x_wconf 88' lang='lat' dir='ltr'>primis,</span> <span class='ocrx_word' id='word_1_69' title='bbox 936 1485 1005 1550; x_wconf 86' lang='lat' dir='ltr'>loca</span> <span class='ocrx_word' id='word_1_70' title='bbox 1020 1484 1115 1572; x_wconf 86' lang='lat' dir='ltr'>asyla,</span> <span class='ocrx_word' id='word_1_71' title='bbox 1139 1509 1205 1570; x_wconf 74' lang='lat' dir='ltr'>quaa</span> <span class='ocrx_word' id='word_1_72' title='bbox 1218 1487 1277 1548; x_wconf 82' lang='lat' dir='ltr'>aive</span> <span class='ocrx_word' id='word_1_73' title='bbox 1291 1486 1358 1560; x_wconf 71' lang='lat' dir='ltr'>reu,</span> <span class='ocrx_word' id='word_1_74' title='bbox 1374 1507 1435 1548; x_wconf 78' lang='lat' dir='ltr'>non</span> <span class='ocrx_word' id='word_1_75' title='bbox 1448 1486 1659 1549; x_wconf 52' lang='lat' dir='ltr'>involumenta</span> <span class='ocrx_word' id='word_1_76' title='bbox 1673 1489 1773 1562; x_wconf 85' lang='lat' dir='ltr'>modo,</span> <span class='ocrx_word' id='word_1_77' title='bbox 1787 1487 1835 1550; x_wconf 72' lang='lat' dir='ltr'>aad</span> 
     </span>
     <span class='ocr_line' id='line_1_10' title="bbox 449 1588 1831 1677; baseline -0.001 -23"><span class='ocrx_word' id='word_1_78' title='bbox 449 1594 597 1656; x_wconf 74' lang='lat' dir='ltr'>interdum</span> <span class='ocrx_word' id='word_1_79' title='bbox 612 1593 701 1656; x_wconf 79' lang='lat' dir='ltr'>etiam</span> <span class='ocrx_word' id='word_1_80' title='bbox 715 1592 898 1665; x_wconf 76' lang='lat' dir='ltr'>voluntariis,</span> <span class='ocrx_word' id='word_1_81' title='bbox 917 1591 1096 1677; x_wconf 72' lang='lat' dir='ltr'>perfuqium</span> <span class='ocrx_word' id='word_1_82' title='bbox 1106 1589 1274 1676; x_wconf 72' lang='lat' dir='ltr'>praebuere,</span> <span class='ocrx_word' id='word_1_83' title='bbox 1290 1589 1348 1652; x_wconf 79' lang='lat' dir='ltr'>aive</span> <span class='ocrx_word' id='word_1_84' title='bbox 1362 1611 1429 1673; x_wconf 78' lang='lat' dir='ltr'>qum</span> <span class='ocrx_word' id='word_1_85' title='bbox 1451 1589 1490 1652; x_wconf 85' lang='lat' dir='ltr'>ab</span> <span class='ocrx_word' id='word_1_86' title='bbox 1503 1588 1634 1652; x_wconf 75' lang='grc' dir='ltr'>Ιιοιιίὸιιι</span> <span class='ocrx_word' id='word_1_87' title='bbox 1651 1591 1759 1654; x_wconf 76' lang='lat' dir='ltr'>invadi</span> <span class='ocrx_word' id='word_1_88' title='bbox 1770 1613 1831 1674; x_wconf 84' lang='lat' dir='ltr'>apo·</span> 
     </span>
     <span class='ocr_line' id='line_1_11' title="bbox 450 1691 1831 1782; baseline 0 -22"><span class='ocrx_word' id='word_1_89' title='bbox 450 1699 555 1762; x_wconf 64' lang='lat' dir='ltr'>liuline</span> <span class='ocrx_word' id='word_1_90' title='bbox 569 1697 654 1782; x_wconf 62' lang='lat' dir='ltr'>nasas</span> <span class='ocrx_word' id='word_1_91' title='bbox 668 1696 812 1763; x_wconf 80' lang='lat' dir='ltr'>habitum.</span> <span class='ocrx_word' id='word_1_92' title='bbox 855 1696 911 1760; x_wconf 91' lang='lat' dir='ltr'>Ad</span> <span class='ocrx_word' id='word_1_93' title='bbox 930 1695 991 1761; x_wconf 86' lang='lat' dir='ltr'>hoe</span> <span class='ocrx_word' id='word_1_94' title='bbox 1006 1696 1059 1780; x_wconf 89' lang='lat' dir='ltr'>jus</span> <span class='ocrx_word' id='word_1_95' title='bbox 1078 1694 1219 1759; x_wconf 85' lang='lat' dir='ltr'>admissae</span> <span class='ocrx_word' id='word_1_96' title='bbox 1243 1691 1388 1781; x_wconf 84' lang='lat' dir='ltr'>primitus</span> <span class='ocrx_word' id='word_1_97' title='bbox 1412 1717 1480 1770; x_wconf 82' lang='lat' dir='ltr'>arae,</span> <span class='ocrx_word' id='word_1_98' title='bbox 1508 1693 1637 1758; x_wconf 87' lang='lat' dir='ltr'>deorum</span> <span class='ocrx_word' id='word_1_99' title='bbox 1661 1694 1831 1770; x_wconf 83' lang='lat' dir='ltr'>simulacra,</span> 
     </span>
     <span class='ocr_line' id='line_1_12' title="bbox 451 1799 1830 1890; baseline 0.001 -22"><span class='ocrx_word' id='word_1_100' title='bbox 451 1803 576 1890; x_wconf 84' lang='lat' dir='ltr'>templa,</span> <span class='ocrx_word' id='word_1_101' title='bbox 593 1817 661 1868; x_wconf 90' lang='lat' dir='ltr'>tum</span> <span class='ocrx_word' id='word_1_102' title='bbox 677 1801 840 1878; x_wconf 86' lang='lat' dir='ltr'>vestibula,</span> <span class='ocrx_word' id='word_1_103' title='bbox 865 1802 1011 1888; x_wconf 84' lang='lat' dir='ltr'>porticus,</span> <span class='ocrx_word' id='word_1_104' title='bbox 1035 1815 1067 1865; x_wconf 88' lang='lat' dir='ltr'>et</span> <span class='ocrx_word' id='word_1_105' title='bbox 1092 1799 1140 1864; x_wconf 86' lang='lat' dir='ltr'>his</span> <span class='ocrx_word' id='word_1_106' title='bbox 1166 1799 1343 1885; x_wconf 87' lang='lat' dir='ltr'>adjacentes</span> <span class='ocrx_word' id='word_1_107' title='bbox 1368 1799 1442 1877; x_wconf 86' lang='lat' dir='ltr'>luci,</span> <span class='ocrx_word' id='word_1_108' title='bbox 1465 1800 1576 1879; x_wconf 84' lang='lat' dir='ltr'>vineae,</span> <span class='ocrx_word' id='word_1_109' title='bbox 1602 1801 1740 1888; x_wconf 88' lang='lat' dir='ltr'>denique</span> <span class='ocrx_word' id='word_1_110' title='bbox 1765 1819 1830 1868; x_wconf 78' lang='lat' dir='ltr'>tote</span> 
     </span>
     <span class='ocr_line' id='line_1_13' title="bbox 449 1902 1829 1996; baseline 0 -23"><span class='ocrx_word' id='word_1_111' title='bbox 449 1910 550 1985; x_wconf 87' lang='lat' dir='ltr'>urbes,</span> <span class='ocrx_word' id='word_1_112' title='bbox 566 1905 718 1996; x_wconf 84' lang='lat' dir='ltr'>regiones,</span> <span class='ocrx_word' id='word_1_113' title='bbox 729 1906 847 1970; x_wconf 84' lang='lat' dir='ltr'>insulae.</span> <span class='ocrx_word' id='word_1_114' title='bbox 892 1905 1054 1970; x_wconf 79' lang='lat' dir='ltr'>illustrant</span> <span class='ocrx_word' id='word_1_115' title='bbox 1068 1903 1135 1967; x_wconf 89' lang='lat' dir='ltr'>haec</span> <span class='ocrx_word' id='word_1_116' title='bbox 1150 1903 1264 1990; x_wconf 85' lang='lat' dir='ltr'>passim</span> <span class='ocrx_word' id='word_1_117' title='bbox 1279 1902 1450 1989; x_wconf 87' lang='lat' dir='ltr'>scriptores.</span> <span class='ocrx_word' id='word_1_118' title='bbox 1498 1903 1615 1971; x_wconf 81' lang='lat' dir='ltr'>Scribit</span> <span class='ocrx_word' id='word_1_119' title='bbox 1626 1905 1829 1984; x_wconf 79' lang='lat' dir='ltr'>Plutarchus¹3</span> 
     </span>
    </p>
   </div>
   <div class='ocr_carea' id='block_1_4' title="bbox 449 2116 1829 3692">
    <p class='ocr_par' dir='ltr' id='par_1_6' title="bbox 449 2116 1829 3057">
     <span class='ocr_line' id='line_1_14' title="bbox 452 2116 1829 2210; baseline -0.004 -20"><span class='ocrx_word' id='word_1_120' title='bbox 452 2124 624 2208; x_wconf 79' lang='grc' dir='ltr'>πολεμίους</span> <span class='ocrx_word' id='word_1_121' title='bbox 640 2124 821 2210; x_wconf 74' lang='grc' dir='ltr'>φεύγοντες,</span> <span class='ocrx_word' id='word_1_122' title='bbox 832 2120 872 2188; x_wconf 82' lang='grc' dir='ltr'>ἂν</span> <span class='ocrx_word' id='word_1_123' title='bbox 887 2119 1072 2206; x_wconf 80' lang='grc' dir='ltr'>ἆγᾶλματος</span> <span class='ocrx_word' id='word_1_124' title='bbox 1087 2117 1264 2204; x_wconf 78' lang='grc' dir='ltr'>λάβωνται,</span> <span class='ocrx_word' id='word_1_125' title='bbox 1278 2116 1461 2204; x_wconf 82' lang='grc' dir='ltr'>θαῤῥοῦσιν.</span> <span class='ocrx_word' id='word_1_126' title='bbox 1500 2117 1595 2196; x_wconf 90' lang='lat' dir='ltr'>Quod</span> <span class='ocrx_word' id='word_1_127' title='bbox 1610 2117 1695 2183; x_wconf 83' lang='lat' dir='ltr'>silvae</span> <span class='ocrx_word' id='word_1_128' title='bbox 1712 2121 1829 2186; x_wconf 83' lang='lat' dir='ltr'>suerunt</span> 
     </span>
     <span class='ocr_line' id='line_1_15' title="bbox 449 2222 1829 2313; baseline -0.001 -21"><span class='ocrx_word' id='word_1_129' title='bbox 449 2228 607 2292; x_wconf 87' lang='lat' dir='ltr'>interdum</span> <span class='ocrx_word' id='word_1_130' title='bbox 623 2225 708 2313; x_wconf 86' lang='lat' dir='ltr'>asyla</span> <span class='ocrx_word' id='word_1_131' title='bbox 723 2239 843 2290; x_wconf 89' lang='lat' dir='ltr'>constat</span> <span class='ocrx_word' id='word_1_132' title='bbox 857 2248 900 2288; x_wconf 87' lang='lat' dir='ltr'>ex</span> <span class='ocrx_word' id='word_1_133' title='bbox 915 2224 983 2289; x_wconf 92' lang='lat' dir='ltr'>loco</span> <span class='ocrx_word' id='word_1_134' title='bbox 995 2222 1208 2310; x_wconf 56' lang='lat' dir='ltr'>virgilianum,</span> <span class='ocrx_word' id='word_1_135' title='bbox 1222 2222 1307 2287; x_wconf 79' lang='lat' dir='ltr'>Hine</span> <span class='ocrx_word' id='word_1_136' title='bbox 1314 2223 1410 2286; x_wconf 75' lang='lat' dir='ltr'>lamam</span> <span class='ocrx_word' id='word_1_137' title='bbox 1421 2225 1579 2308; x_wconf 63' lang='lat' dir='ltr'>leym,</span> <span class='ocrx_word' id='word_1_138' title='bbox 1592 2249 1678 2311; x_wconf 75' lang='lat' dir='ltr'>quem</span> <span class='ocrx_word' id='word_1_139' title='bbox 1688 2226 1829 2291; x_wconf 78' lang='grc' dir='ltr'>Βοηιιιίιιι</span> 
     </span>
     <span class='ocr_line' id='line_1_16' title="bbox 451 2333 1828 2422; baseline 0 -21"><span class='ocrx_word' id='word_1_140' title='bbox 451 2361 519 2401; x_wconf 82' lang='lat' dir='ltr'>acer</span> <span class='ocrx_word' id='word_1_141' title='bbox 533 2339 648 2422; x_wconf 78' lang='lat' dir='ltr'>asylum</span> <span class='ocrx_word' id='word_1_142' title='bbox 663 2336 795 2400; x_wconf 73' lang='lat' dir='ltr'><em>Rettulit.</em></span> <span class='ocrx_word' id='word_1_143' title='bbox 841 2336 942 2402; x_wconf 85' lang='lat' dir='ltr'>Urbes</span> <span class='ocrx_word' id='word_1_144' title='bbox 967 2358 1068 2422; x_wconf 90' lang='lat' dir='ltr'>porro,</span> <span class='ocrx_word' id='word_1_145' title='bbox 1091 2349 1127 2398; x_wconf 84' lang='lat' dir='ltr'>ut</span> <span class='ocrx_word' id='word_1_146' title='bbox 1149 2334 1305 2421; x_wconf 80' lang='lat' dir='ltr'>Ephesus,</span> <span class='ocrx_word' id='word_1_147' title='bbox 1330 2333 1481 2421; x_wconf 87' lang='lat' dir='ltr'>regiones,</span> <span class='ocrx_word' id='word_1_148' title='bbox 1506 2349 1543 2399; x_wconf 81' lang='lat' dir='ltr'>ut</span> <span class='ocrx_word' id='word_1_149' title='bbox 1569 2335 1644 2414; x_wconf 86' lang='lat' dir='ltr'>Elis,</span> <span class='ocrx_word' id='word_1_150' title='bbox 1665 2337 1784 2415; x_wconf 78' lang='lat' dir='ltr'>inmrlae,</span> <span class='ocrx_word' id='word_1_151' title='bbox 1798 2355 1828 2402; x_wconf 89' lang='lat' dir='ltr'>ut</span> 
     </span>
     <span class='ocr_line' id='line_1_17' title="bbox 452 2440 1829 2527; baseline 0.001 -21"><span class='ocrx_word' id='word_1_152' title='bbox 452 2443 559 2520; x_wconf 85' lang='lat' dir='ltr'>Delos,</span> <span class='ocrx_word' id='word_1_153' title='bbox 575 2441 670 2527; x_wconf 88' lang='lat' dir='ltr'>idque</span> <span class='ocrx_word' id='word_1_154' title='bbox 681 2441 733 2506; x_wconf 85' lang='lat' dir='ltr'>vel</span> <span class='ocrx_word' id='word_1_155' title='bbox 747 2465 839 2506; x_wconf 79' lang='lat' dir='ltr'>cause</span> <span class='ocrx_word' id='word_1_156' title='bbox 850 2455 994 2506; x_wconf 87' lang='lat' dir='ltr'>notorum</span> <span class='ocrx_word' id='word_1_157' title='bbox 1009 2441 1176 2505; x_wconf 90' lang='lat' dir='ltr'>numinum</span> <span class='ocrx_word' id='word_1_158' title='bbox 1192 2440 1244 2505; x_wconf 88' lang='lat' dir='ltr'>vel</span> <span class='ocrx_word' id='word_1_159' title='bbox 1258 2463 1416 2506; x_wconf 85' lang='lat' dir='ltr'>sacrorum</span> <span class='ocrx_word' id='word_1_160' title='bbox 1431 2441 1646 2506; x_wconf 78' lang='lat' dir='ltr'>certaminum.</span> <span class='ocrx_word' id='word_1_161' title='bbox 1683 2443 1829 2510; x_wconf 80' lang='lat' dir='ltr'>Petebant</span> 
     </span>
     <span class='ocr_line' id='line_1_18' title="bbox 452 2541 1828 2630; baseline 0.002 -20"><span class='ocrx_word' id='word_1_162' title='bbox 452 2545 596 2622; x_wconf 86' lang='lat' dir='ltr'>servitiis,</span> <span class='ocrx_word' id='word_1_163' title='bbox 612 2545 763 2620; x_wconf 74' lang='lat' dir='ltr'>obaeratis,</span> <span class='ocrx_word' id='word_1_164' title='bbox 779 2543 937 2622; x_wconf 86' lang='lat' dir='ltr'>maleficis,</span> <span class='ocrx_word' id='word_1_165' title='bbox 954 2567 1087 2629; x_wconf 89' lang='lat' dir='ltr'>quorum</span> <span class='ocrx_word' id='word_1_166' title='bbox 1102 2543 1240 2630; x_wconf 89' lang='lat' dir='ltr'>primum</span> <span class='ocrx_word' id='word_1_167' title='bbox 1263 2559 1296 2608; x_wconf 88' lang='lat' dir='ltr'>et</span> <span class='ocrx_word' id='word_1_168' title='bbox 1316 2541 1465 2608; x_wconf 81' lang='lat' dir='ltr'>ultimum</span> <span class='ocrx_word' id='word_1_169' title='bbox 1483 2563 1634 2611; x_wconf 86' lang='lat' dir='ltr'>memorat</span> <span class='ocrx_word' id='word_1_170' title='bbox 1649 2546 1828 2613; x_wconf 73' lang='lat' dir='ltr'>Plutarchus</span> 
     </span>
     <span class='ocr_line' id='line_1_19' title="bbox 452 2649 1826 2743; baseline 0.001 -27"><span class='ocrx_word' id='word_1_171' title='bbox 452 2653 486 2716; x_wconf 88' lang='lat' dir='ltr'>in</span> <span class='ocrx_word' id='word_1_172' title='bbox 497 2652 567 2716; x_wconf 92' lang='lat' dir='ltr'>loco</span> <span class='ocrx_word' id='word_1_173' title='bbox 581 2675 674 2738; x_wconf 85' lang='lat' dir='ltr'>supra</span> <span class='ocrx_word' id='word_1_174' title='bbox 688 2651 792 2726; x_wconf 80' lang='lat' dir='ltr'>citam,</span> <span class='ocrx_word' id='word_1_175' title='bbox 809 2674 881 2714; x_wconf 90' lang='lat' dir='ltr'>cum</span> <span class='ocrx_word' id='word_1_176' title='bbox 906 2675 969 2736; x_wconf 90' lang='lat' dir='ltr'>quo</span> <span class='ocrx_word' id='word_1_177' title='bbox 995 2649 1200 2715; x_wconf 87' lang='lat' dir='ltr'>conferendus</span> <span class='ocrx_word' id='word_1_178' title='bbox 1218 2664 1266 2714; x_wconf 87' lang='lat' dir='ltr'>est</span> <span class='ocrx_word' id='word_1_179' title='bbox 1288 2649 1390 2726; x_wconf 54' lang='lat' dir='ltr'>altem,</span> <span class='ocrx_word' id='word_1_180' title='bbox 1406 2649 1471 2715; x_wconf 82' lang='lat' dir='ltr'>scil.</span> <span class='ocrx_word' id='word_1_181' title='bbox 1489 2659 1592 2720; x_wconf 81' lang='grc' dir='ltr'>Κεῐτιιι</span> <span class='ocrx_word' id='word_1_182' title='bbox 1606 2660 1663 2738; x_wconf 79' lang='grc' dir='ltr'>μὲν</span> <span class='ocrx_word' id='word_1_183' title='bbox 1680 2653 1826 2743; x_wconf 80' lang='lat' dir='ltr'>(asylum)</span> 
     </span>
     <span class='ocr_line' id='line_1_20' title="bbox 452 2753 1828 2845; baseline 0.002 -20"><span class='ocrx_word' id='word_1_184' title='bbox 452 2765 486 2826; x_wconf 83' lang='grc' dir='ltr'>ἐν</span> <span class='ocrx_word' id='word_1_185' title='bbox 498 2763 575 2845; x_wconf 74' lang='grc' dir='ltr'>μέσῃ</span> <span class='ocrx_word' id='word_1_186' title='bbox 589 2763 627 2843; x_wconf 74' lang='grc' dir='ltr'>τῇ</span> <span class='ocrx_word' id='word_1_187' title='bbox 641 2757 733 2822; x_wconf 80' lang='grc' dir='ltr'>πόλει</span> <span class='ocrx_word' id='word_1_188' title='bbox 747 2757 833 2842; x_wconf 81' lang='grc' dir='ltr'>παρὰ</span> <span class='ocrx_word' id='word_1_189' title='bbox 859 2756 895 2821; x_wconf 82' lang='grc' dir='ltr'>τὸ</span> <span class='ocrx_word' id='word_1_190' title='bbox 914 2761 972 2822; x_wconf 81' lang='grc' dir='ltr'>νῦν</span> <span class='ocrx_word' id='word_1_191' title='bbox 989 2757 1175 2841; x_wconf 71' lang='grc' dir='ltr'>γυμνάσιον·</span> <span class='ocrx_word' id='word_1_192' title='bbox 1192 2755 1255 2821; x_wconf 77' lang='grc' dir='ltr'>ἔστι</span> <span class='ocrx_word' id='word_1_193' title='bbox 1270 2753 1302 2822; x_wconf 73' lang='grc' dir='ltr'>δὲ</span> <span class='ocrx_word' id='word_1_194' title='bbox 1318 2754 1431 2842; x_wconf 71' lang='grc' dir='ltr'>φύξιον</span> <span class='ocrx_word' id='word_1_195' title='bbox 1446 2761 1578 2835; x_wconf 77' lang='grc' dir='ltr'>οἰκέταις</span> <span class='ocrx_word' id='word_1_196' title='bbox 1599 2767 1647 2826; x_wconf 81' lang='grc' dir='ltr'>καὶ</span> <span class='ocrx_word' id='word_1_197' title='bbox 1668 2767 1745 2828; x_wconf 77' lang='grc' dir='ltr'>πᾶσι</span> <span class='ocrx_word' id='word_1_198' title='bbox 1768 2771 1828 2838; x_wconf 80' lang='grc' dir='ltr'>τοῖς</span> 
     </span>
     <span class='ocr_line' id='line_1_21' title="bbox 452 2862 1827 2956; baseline -0.002 -22"><span class='ocrx_word' id='word_1_199' title='bbox 452 2871 688 2953; x_wconf 79' lang='grc' dir='ltr'>ταπεινοτέροις.</span> <span class='ocrx_word' id='word_1_200' title='bbox 733 2863 854 2928; x_wconf 68' lang='lat' dir='ltr'>Eadem</span> <span class='ocrx_word' id='word_1_201' title='bbox 876 2862 970 2928; x_wconf 79' lang='lat' dir='ltr'>refert</span> <span class='ocrx_word' id='word_1_202' title='bbox 985 2862 1130 2927; x_wconf 70' lang='grc' dir='ltr'>Τιιοὶιιιιιο</span> <span class='ocrx_word' id='word_1_203' title='bbox 1145 2886 1239 2948; x_wconf 90' lang='lat' dir='ltr'>quem</span> <span class='ocrx_word' id='word_1_204' title='bbox 1255 2863 1336 2928; x_wconf 88' lang='lat' dir='ltr'>infra</span> <span class='ocrx_word' id='word_1_205' title='bbox 1349 2863 1525 2930; x_wconf 85' lang='lat' dir='ltr'>citabimus.</span> <span class='ocrx_word' id='word_1_206' title='bbox 1569 2866 1619 2932; x_wconf 88' lang='lat' dir='ltr'>De</span> <span class='ocrx_word' id='word_1_207' title='bbox 1635 2869 1721 2955; x_wconf 86' lang='lat' dir='ltr'>asylo</span> <span class='ocrx_word' id='word_1_208' title='bbox 1737 2869 1827 2956; x_wconf 87' lang='lat' dir='ltr'>speci-</span> 
     </span>
     <span class='ocr_line' id='line_1_22' title="bbox 453 2964 1660 3057; baseline 0.002 -23"><span class='ocrx_word' id='word_1_209' title='bbox 453 2969 528 3034; x_wconf 87' lang='lat' dir='ltr'>atim</span> <span class='ocrx_word' id='word_1_210' title='bbox 543 2968 661 3034; x_wconf 82' lang='lat' dir='ltr'>tributo</span> <span class='ocrx_word' id='word_1_211' title='bbox 676 2964 817 3031; x_wconf 76' lang='lat' dir='ltr'>obaeratis</span> <span class='ocrx_word' id='word_1_212' title='bbox 832 2965 865 3030; x_wconf 90' lang='lat' dir='ltr'>in</span> <span class='ocrx_word' id='word_1_213' title='bbox 880 2964 999 3052; x_wconf 90' lang='lat' dir='ltr'>templo</span> <span class='ocrx_word' id='word_1_214' title='bbox 1015 2964 1176 3051; x_wconf 86' lang='lat' dir='ltr'>Ephesino</span> <span class='ocrx_word' id='word_1_215' title='bbox 1191 2966 1353 3031; x_wconf 86' lang='lat' dir='ltr'>adeundus</span> <span class='ocrx_word' id='word_1_216' title='bbox 1367 2981 1414 3032; x_wconf 88' lang='lat' dir='ltr'>est</span> <span class='ocrx_word' id='word_1_217' title='bbox 1429 2969 1660 3057; x_wconf 65' lang='lat' dir='ltr'>spanhemium.</span> 
     </span>
    </p>

    <p class='ocr_par' dir='ltr' id='par_1_7' title="bbox 452 3071 1825 3265">
     <span class='ocr_line' id='line_1_23' title="bbox 518 3071 1825 3159; baseline 0.005 -21"><span class='ocrx_word' id='word_1_218' title='bbox 518 3073 664 3138; x_wconf 85' lang='lat' dir='ltr'>Obbane</span> <span class='ocrx_word' id='word_1_219' title='bbox 679 3071 899 3159; x_wconf 86' lang='lat' dir='ltr'>impunitatem</span> <span class='ocrx_word' id='word_1_220' title='bbox 925 3071 1064 3136; x_wconf 87' lang='lat' dir='ltr'>criminis</span> <span class='ocrx_word' id='word_1_221' title='bbox 1089 3072 1122 3136; x_wconf 90' lang='lat' dir='ltr'>in</span> <span class='ocrx_word' id='word_1_222' title='bbox 1140 3096 1233 3138; x_wconf 88' lang='lat' dir='ltr'>versu</span> <span class='ocrx_word' id='word_1_223' title='bbox 1257 3073 1420 3139; x_wconf 89' lang='lat' dir='ltr'>notissimo</span> <span class='ocrx_word' id='word_1_224' title='bbox 1441 3075 1578 3142; x_wconf 83' lang='lat' dir='ltr'>infamiae</span> <span class='ocrx_word' id='word_1_225' title='bbox 1597 3093 1703 3144; x_wconf 86' lang='lat' dir='ltr'>notam</span> <span class='ocrx_word' id='word_1_226' title='bbox 1719 3105 1737 3144; x_wconf 86' lang='lat' dir='ltr'>a</span> <span class='ocrx_word' id='word_1_227' title='bbox 1752 3080 1825 3145; x_wconf 86' lang='lat' dir='ltr'>Sati·</span> 
     </span>
     <span class='ocr_line' id='line_1_24' title="bbox 452 3177 812 3265; baseline -0.008 -21"><span class='ocrx_word' id='word_1_228' title='bbox 452 3181 516 3244; x_wconf 90' lang='lat' dir='ltr'>rico</span> <span class='ocrx_word' id='word_1_229' title='bbox 531 3191 690 3244; x_wconf 86' lang='lat' dir='ltr'>merentur</span> <span class='ocrx_word' id='word_1_230' title='bbox 704 3177 812 3265; x_wconf 71' lang='lat' dir='ltr'>asylaa.</span> 
     </span>
    </p>

    <p class='ocr_par' dir='ltr' id='par_1_8' title="bbox 452 3281 1825 3692">
     <span class='ocr_line' id='line_1_25' title="bbox 517 3281 1824 3376; baseline 0.003 -26"><span class='ocrx_word' id='word_1_231' title='bbox 517 3285 632 3350; x_wconf 82' lang='lat' dir='ltr'>Exstat</span> <span class='ocrx_word' id='word_1_232' title='bbox 656 3307 781 3370; x_wconf 89' lang='lat' dir='ltr'>quoque</span> <span class='ocrx_word' id='word_1_233' title='bbox 800 3307 906 3350; x_wconf 88' lang='lat' dir='ltr'>sensus</span> <span class='ocrx_word' id='word_1_234' title='bbox 929 3281 963 3348; x_wconf 90' lang='lat' dir='ltr'>in</span> <span class='ocrx_word' id='word_1_235' title='bbox 989 3306 1051 3368; x_wconf 92' lang='lat' dir='ltr'>quo</span> <span class='ocrx_word' id='word_1_236' title='bbox 1075 3283 1281 3370; x_wconf 88' lang='lat' dir='ltr'>perhibentur</span> <span class='ocrx_word' id='word_1_237' title='bbox 1299 3286 1413 3354; x_wconf 79' lang='grc' dir='ltr'>ἄσυλοι</span> <span class='ocrx_word' id='word_1_238' title='bbox 1428 3285 1581 3364; x_wconf 85' lang='lat' dir='ltr'>civitates,</span> <span class='ocrx_word' id='word_1_239' title='bbox 1597 3314 1616 3354; x_wconf 88' lang='lat' dir='ltr'>a</span> <span class='ocrx_word' id='word_1_240' title='bbox 1630 3291 1743 3376; x_wconf 88' lang='lat' dir='ltr'>quibus</span> <span class='ocrx_word' id='word_1_241' title='bbox 1767 3317 1824 3357; x_wconf 91' lang='lat' dir='ltr'>non</span> 
     </span>
     <span class='ocr_line' id='line_1_26' title="bbox 453 3387 1825 3480; baseline 0.005 -24"><span class='ocrx_word' id='word_1_242' title='bbox 453 3405 574 3456; x_wconf 86' lang='lat' dir='ltr'>tantum</span> <span class='ocrx_word' id='word_1_243' title='bbox 589 3413 653 3454; x_wconf 89' lang='lat' dir='ltr'>non</span> <span class='ocrx_word' id='word_1_244' title='bbox 667 3389 782 3456; x_wconf 79' lang='lat' dir='ltr'>licebat</span> <span class='ocrx_word' id='word_1_245' title='bbox 796 3388 962 3476; x_wconf 88' lang='lat' dir='ltr'>supplices,</span> <span class='ocrx_word' id='word_1_246' title='bbox 979 3388 1033 3473; x_wconf 90' lang='lat' dir='ltr'>qui</span> <span class='ocrx_word' id='word_1_247' title='bbox 1056 3387 1201 3476; x_wconf 83' lang='lat' dir='ltr'>perfugio</span> <span class='ocrx_word' id='word_1_248' title='bbox 1216 3389 1302 3456; x_wconf 86' lang='lat' dir='ltr'>haud</span> <span class='ocrx_word' id='word_1_249' title='bbox 1325 3390 1418 3478; x_wconf 88' lang='lat' dir='ltr'>plane</span> <span class='ocrx_word' id='word_1_250' title='bbox 1437 3391 1561 3480; x_wconf 83' lang='lat' dir='ltr'>indigni</span> <span class='ocrx_word' id='word_1_251' title='bbox 1576 3393 1769 3474; x_wconf 82' lang='lat' dir='ltr'>videbantur,</span> <span class='ocrx_word' id='word_1_252' title='bbox 1784 3423 1825 3462; x_wconf 90' lang='lat' dir='ltr'>ra·</span> 
     </span>
     <span class='ocr_line' id='line_1_27' title="bbox 453 3495 1824 3589; baseline 0.001 -27"><span class='ocrx_word' id='word_1_253' title='bbox 453 3511 568 3586; x_wconf 89' lang='lat' dir='ltr'>petere,</span> <span class='ocrx_word' id='word_1_254' title='bbox 591 3495 644 3562; x_wconf 89' lang='lat' dir='ltr'>sed</span> <span class='ocrx_word' id='word_1_255' title='bbox 664 3495 739 3581; x_wconf 87' lang='lat' dir='ltr'>quia</span> <span class='ocrx_word' id='word_1_256' title='bbox 761 3495 870 3561; x_wconf 86' lang='lat' dir='ltr'>datum</span> <span class='ocrx_word' id='word_1_257' title='bbox 885 3507 921 3559; x_wconf 90' lang='lat' dir='ltr'>ut</span> <span class='ocrx_word' id='word_1_258' title='bbox 935 3495 1090 3560; x_wconf 89' lang='lat' dir='ltr'>immunes</span> <span class='ocrx_word' id='word_1_259' title='bbox 1106 3519 1124 3560; x_wconf 86' lang='lat' dir='ltr'>a</span> <span class='ocrx_word' id='word_1_260' title='bbox 1138 3497 1309 3562; x_wconf 85' lang='lat' dir='ltr'>subeundis</span> <span class='ocrx_word' id='word_1_261' title='bbox 1322 3497 1398 3564; x_wconf 89' lang='lat' dir='ltr'>belli</span> <span class='ocrx_word' id='word_1_262' title='bbox 1414 3497 1561 3564; x_wconf 87' lang='lat' dir='ltr'>oneribus</span> <span class='ocrx_word' id='word_1_263' title='bbox 1584 3513 1617 3565; x_wconf 88' lang='lat' dir='ltr'>et</span> <span class='ocrx_word' id='word_1_264' title='bbox 1641 3502 1824 3589; x_wconf 82' lang='lat' dir='ltr'>spoliationis</span> 
     </span>
     <span class='ocr_line' id='line_1_28' title="bbox 452 3599 1824 3692; baseline 0.004 -25"><span class='ocrx_word' id='word_1_265' title='bbox 452 3601 595 3668; x_wconf 86' lang='lat' dir='ltr'>militaris</span> <span class='ocrx_word' id='word_1_266' title='bbox 618 3599 756 3688; x_wconf 85' lang='lat' dir='ltr'>periculo</span> <span class='ocrx_word' id='word_1_267' title='bbox 780 3599 1011 3685; x_wconf 83' lang='lat' dir='ltr'>quodammodo</span> <span class='ocrx_word' id='word_1_268' title='bbox 1026 3611 1172 3687; x_wconf 68' lang='lat' dir='ltr'>agerent.</span> <span class='ocrx_word' id='word_1_269' title='bbox 1218 3601 1305 3668; x_wconf 88' lang='lat' dir='ltr'>Hinc</span> <span class='ocrx_word' id='word_1_270' title='bbox 1321 3627 1339 3668; x_wconf 92' lang='lat' dir='ltr'>a</span> <span class='ocrx_word' id='word_1_271' title='bbox 1353 3602 1471 3669; x_wconf 83' lang='lat' dir='ltr'>Graeeis</span> <span class='ocrx_word' id='word_1_272' title='bbox 1497 3604 1667 3692; x_wconf 89' lang='lat' dir='ltr'>repositum</span> <span class='ocrx_word' id='word_1_273' title='bbox 1692 3632 1824 3672; x_wconf 88' lang='lat' dir='ltr'>nonnun-</span> 
     </span>
    </p>
   </div>
   <div class='ocr_carea' id='block_1_5' title="bbox 451 3879 1607 4367">
    <p class='ocr_par' dir='ltr' id='par_1_9' title="bbox 451 3879 1607 4367">
     <span class='ocr_line' id='line_1_29' title="bbox 480 3879 1437 3938; baseline -0.004 -10"><span class='ocrx_word' id='word_1_274' title='bbox 480 3881 491 3914; x_wconf 51' lang='grc' dir='ltr'>ὴ</span> <span class='ocrx_word' id='word_1_275' title='bbox 509 3884 543 3928; x_wconf 82' lang='lat' dir='ltr'>De</span> <span class='ocrx_word' id='word_1_276' title='bbox 555 3896 604 3938; x_wconf 81' lang='lat' dir='ltr'>usu,</span> <span class='ocrx_word' id='word_1_277' title='bbox 617 3887 658 3926; x_wconf 76' lang='lat' dir='ltr'>ete-</span> <span class='ocrx_word' id='word_1_278' title='bbox 678 3879 774 3924; x_wconf 84' lang='lat' dir='ltr'>Dissert.</span> <span class='ocrx_word' id='word_1_279' title='bbox 786 3891 821 3924; x_wconf 79' lang='lat' dir='ltr'>rx.</span> <span class='ocrx_word' id='word_1_280' title='bbox 839 3892 861 3936; x_wconf 87' lang='lat' dir='ltr'>p.</span> <span class='ocrx_word' id='word_1_281' title='bbox 871 3880 924 3924; x_wconf 83' lang='grc'>663.</span> <span class='ocrx_word' id='word_1_282' title='bbox 1199 3885 1209 3908; x_wconf 85' lang='lat'>¹·</span> <span class='ocrx_word' id='word_1_283' title='bbox 1227 3879 1333 3938; x_wconf 71' lang='lat' dir='ltr'>Theseus,</span> <span class='ocrx_word' id='word_1_284' title='bbox 1344 3893 1437 3927; x_wconf 78' lang='lat' dir='ltr'>xxxiv.</span> 
     </span>
     <span class='ocr_line' id='line_1_30' title="bbox 455 3959 1405 4023; baseline -0.002 -11"><span class='ocrx_word' id='word_1_285' title='bbox 455 3959 457 3962; x_wconf 71' lang='grc'><strong>’</strong></span> <span class='ocrx_word' id='word_1_286' title='bbox 483 3967 490 3998; x_wconf 86' lang='lat'><strong>¹</strong></span> <span class='ocrx_word' id='word_1_287' title='bbox 509 3967 619 4014; x_wconf 83' lang='lat' dir='ltr'>Vaillant.</span> <span class='ocrx_word' id='word_1_288' title='bbox 633 3965 672 4012; x_wconf 91' lang='lat' dir='ltr'>Gr.</span> <span class='ocrx_word' id='word_1_289' title='bbox 686 3963 744 4023; x_wconf 89' lang='lat' dir='ltr'>lmp.</span> <span class='ocrx_word' id='word_1_290' title='bbox 754 3964 848 4010; x_wconf 83' lang='lat' dir='ltr'>Nnmm.</span> <span class='ocrx_word' id='word_1_291' title='bbox 861 3977 882 4022; x_wconf 87' lang='lat' dir='ltr'>p.</span> <span class='ocrx_word' id='word_1_292' title='bbox 894 3967 945 4011; x_wconf 82' lang='lat' dir='ltr'>lot.</span> <span class='ocrx_word' id='word_1_293' title='bbox 1197 3971 1209 3994; x_wconf 86' lang='lat'><em>⁰</em></span> <span class='ocrx_word' id='word_1_294' title='bbox 1225 3965 1310 4010; x_wconf 81' lang='lat' dir='ltr'>Annal.</span> <span class='ocrx_word' id='word_1_295' title='bbox 1320 3978 1356 4012; x_wconf 87' lang='lat'>111.</span> <span class='ocrx_word' id='word_1_296' title='bbox 1368 3967 1405 4012; x_wconf 75' lang='lat'>(30.</span> 
     </span>
     <span class='ocr_line' id='line_1_31' title="bbox 482 4049 1607 4110; baseline -0.003 -11"><span class='ocrx_word' id='word_1_297' title='bbox 482 4052 493 4085; x_wconf 77' lang='lat'>¹¹</span> <span class='ocrx_word' id='word_1_298' title='bbox 513 4050 605 4099; x_wconf 80' lang='lat' dir='ltr'>Eckhel.</span> <span class='ocrx_word' id='word_1_299' title='bbox 617 4050 662 4096; x_wconf 83' lang='lat' dir='ltr'>vol.</span> <span class='ocrx_word' id='word_1_300' title='bbox 673 4062 707 4095; x_wconf 81' lang='lat' dir='ltr'>iv.</span> <span class='ocrx_word' id='word_1_301' title='bbox 720 4063 742 4108; x_wconf 91' lang='lat' dir='ltr'>p.</span> <span class='ocrx_word' id='word_1_302' title='bbox 755 4051 809 4094; x_wconf 79' lang='lat'>308.</span> <span class='ocrx_word' id='word_1_303' title='bbox 821 4061 842 4094; x_wconf 79' lang='lat' dir='ltr'>a.</span> <span class='ocrx_word' id='word_1_304' title='bbox 1198 4056 1210 4088; x_wconf 77' lang='grc' dir='ltr'><strong>Ρ</strong></span> <span class='ocrx_word' id='word_1_305' title='bbox 1228 4049 1274 4096; x_wconf 87' lang='lat' dir='ltr'>Ubi</span> <span class='ocrx_word' id='word_1_306' title='bbox 1283 4063 1358 4108; x_wconf 77' lang='lat' dir='ltr'>supra.</span> <span class='ocrx_word' id='word_1_307' title='bbox 1369 4049 1464 4096; x_wconf 81' lang='lat' dir='ltr'>Dissert.</span> <span class='ocrx_word' id='word_1_308' title='bbox 1475 4063 1510 4097; x_wconf 85' lang='lat' dir='ltr'>rx.</span> <span class='ocrx_word' id='word_1_309' title='bbox 1522 4065 1544 4110; x_wconf 78' lang='lat' dir='ltr'>p</span> <span class='ocrx_word' id='word_1_310' title='bbox 1554 4055 1607 4100; x_wconf 80' lang='lat'>670.</span> 
     </span>
     <span class='ocr_line' id='line_1_32' title="bbox 485 4133 1526 4195; baseline -0.004 -11"><span class='ocrx_word' id='word_1_311' title='bbox 485 4135 490 4168; x_wconf 86' lang='lat'><strong>¹</strong></span> <span class='ocrx_word' id='word_1_312' title='bbox 513 4139 547 4184; x_wconf 85' lang='lat' dir='ltr'>De</span> <span class='ocrx_word' id='word_1_313' title='bbox 556 4135 675 4195; x_wconf 74' lang='lat' dir='ltr'>superstit.</span> <span class='ocrx_word' id='word_1_314' title='bbox 687 4148 706 4180; x_wconf 83' lang='lat' dir='ltr'>c</span> <span class='ocrx_word' id='word_1_315' title='bbox 716 4147 751 4180; x_wconf 78' lang='lat' dir='ltr'>xv.</span> <span class='ocrx_word' id='word_1_316' title='bbox 1200 4141 1211 4174; x_wconf 74' lang='lat' dir='ltr'>t</span> <span class='ocrx_word' id='word_1_317' title='bbox 1226 4133 1332 4180; x_wconf 85' lang='lat' dir='ltr'>Juvenal.</span> <span class='ocrx_word' id='word_1_318' title='bbox 1346 4134 1395 4182; x_wconf 85' lang='lat' dir='ltr'>Sat.</span> <span class='ocrx_word' id='word_1_319' title='bbox 1405 4147 1462 4181; x_wconf 80' lang='lat' dir='ltr'>vrri.</span> <span class='ocrx_word' id='word_1_320' title='bbox 1473 4137 1526 4182; x_wconf 76' lang='lat'>278.</span> 
     </span>
     <span class='ocr_line' id='line_1_33' title="bbox 483 4218 1591 4280; baseline -0.005 -11"><span class='ocrx_word' id='word_1_321' title='bbox 483 4229 500 4254; x_wconf 77' lang='lat'>¹</span> <span class='ocrx_word' id='word_1_322' title='bbox 511 4222 600 4269; x_wconf 77' lang='lat' dir='ltr'>AEneid.</span> <span class='ocrx_word' id='word_1_323' title='bbox 613 4233 670 4268; x_wconf 79' lang='lat' dir='ltr'>viu.</span> <span class='ocrx_word' id='word_1_324' title='bbox 683 4221 736 4267; x_wconf 77' lang='grc'>342.</span> <span class='ocrx_word' id='word_1_325' title='bbox 764 4219 828 4266; x_wconf 78' lang='lat' dir='ltr'>Cous.</span> <span class='ocrx_word' id='word_1_326' title='bbox 846 4219 895 4264; x_wconf 87' lang='lat' dir='ltr'>Liv.</span> <span class='ocrx_word' id='word_1_327' title='bbox 910 4231 926 4264; x_wconf 83' lang='lat' dir='ltr'>r.</span> <span class='ocrx_word' id='word_1_328' title='bbox 940 4221 961 4264; x_wconf 85' lang='grc'>8.</span> <span class='ocrx_word' id='word_1_329' title='bbox 980 4219 1075 4280; x_wconf 81' lang='lat' dir='ltr'>Dionys.</span> <span class='ocrx_word' id='word_1_330' title='bbox 1089 4233 1108 4265; x_wconf 89' lang='lat' dir='ltr'>u</span> <span class='ocrx_word' id='word_1_331' title='bbox 1200 4223 1208 4248; x_wconf 74' lang='lat'><em>¹</em></span> <span class='ocrx_word' id='word_1_332' title='bbox 1228 4218 1349 4276; x_wconf 83' lang='lat' dir='ltr'>Spauhem.</span> <span class='ocrx_word' id='word_1_333' title='bbox 1363 4219 1401 4264; x_wconf 87' lang='lat' dir='ltr'>ubi</span> <span class='ocrx_word' id='word_1_334' title='bbox 1413 4233 1489 4277; x_wconf 82' lang='lat' dir='ltr'>supra,</span> <span class='ocrx_word' id='word_1_335' title='bbox 1502 4233 1523 4277; x_wconf 90' lang='lat' dir='ltr'>p.</span> <span class='ocrx_word' id='word_1_336' title='bbox 1538 4222 1591 4267; x_wconf 81' lang='grc'><strong>673.</strong></span> 
     </span>
     <span class='ocr_line' id='line_1_34' title="bbox 451 4310 524 4367; baseline 0 -13"><span class='ocrx_word' id='word_1_337' title='bbox 451 4323 473 4367; x_wconf 90' lang='lat' dir='ltr'>p.</span> <span class='ocrx_word' id='word_1_338' title='bbox 486 4310 524 4354; x_wconf 89' lang='lat'>88.</span> 
     </span>
    </p>
   </div>
   <div class='ocr_carea' id='block_1_6' title="bbox 0 0 1987 5248">
    <p class='ocr_par' dir='ltr' id='par_1_10' title="bbox 0 0 1987 5248">
     <span class='ocr_line' id='line_1_35' title="bbox 0 0 1987 5248; baseline 0 0"><span class='ocrx_word' id='word_1_339' title='bbox 0 0 1987 5248; x_wconf 95' lang='lat' dir='ltr'> </span> 
     </span>
    </p>
   </div>
  </div>
 </body>
</html>
