3992 5240
170 593 404 653 rusenxxvn„
419 574 694 663 xxv111.‚msc.1.]
776 574 974 642 SMYRNA.
1501 584 1561 648 125

246 761 393 836 Titulus
407 762 555 860 insignis
566 764 604 837 in
617 761 791 836 honorem
809 764 1033 861 imperatoris
1048 763 1204 851 Claudii,
1219 789 1326 862 quem
1341 765 1559 863 descriptum

169 883 283 957 habui
301 883 347 956 de
364 882 539 982 fragmine
552 885 730 959 columnae
747 886 807 959 cui
824 885 1017 960 diametros
1035 899 1111 961 erat
1127 887 1261 985 pedum
1276 888 1430 961 duorum
1448 889 1562 960 avico

170 1003 395 1101 supradicto
412 1002 605 1078 Bdrnobot
624 1005 814 1103 Smyrnam
832 1005 985 1080 advecto
1014 1007 1118 1080 utin
1144 1007 1282 1081 aedibus
1301 1007 1409 1080 sacris
1427 1005 1562 1105 143]οά2-

171 1130 270 1203 rnitri
296 1129 382 1226 (τοῦ
408 1122 517 1225 ἁγίου
536 1123 774 1226 Δημητρίου)
806 1130 988 1204 struendis
1015 1131 1215 1228 proficeret.
1267 1135 1395 1206 Basem
1424 1134 1561 1229 conspi·

170 1251 286 1324 cimus
318 1261 444 1322 statuae
472 1251 702 1348 Imperatoris
728 1251 855 1348 positae
885 1253 931 1324 ab
958 1251 1107 1349 ephebis
1135 1253 1172 1324 in
1203 1277 1297 1326 anno
1324 1255 1364 1326 P.
1385 1255 1425 1328 C.
1445 1257 1502 1326 51.
1520 1267 1561 1326 ut

171 1371 320 1442 uberius
338 1371 487 1467 posthac
505 1369 755 1467 explicabitur.

683 1591 1054 1628 *noret*

248 1764 370 1836 Pauca
395 1775 532 1837 restant
558 1761 737 1836 monenda
754 1763 800 1836 de
818 1763 931 1836 titulis
959 1762 1174 1858 quibusdam
1204 1763 1397 1862 Smymaeis
1415 1788 1506 1860 quos
1523 1763 1560 1834 in

171 1883 267 1955 libro
283 1883 403 1980 priore
421 1882 584 1980 expressi
601 1881 648 1954 ad
665 1883 875 1980 ampliorem
892 1881 1036 1954 illorum
1055 1882 1331 1956 illustrationem
1349 1895 1561 1980 comparata,

173 2015 210 2075 et
234 2004 273 2075 in
299 2001 514 2097 quibusdam
533 2003 775 2076 correctiones
793 2001 942 2089 debitas
960 2027 1090 2099 nempe
1107 2004 1145 2076 in
1164 2005 1217 2076 tit.
1236 2027 1358 2078 xxvn.
1377 2006 1411 2077 b.
1430 2029 1464 2100 p.
1481 2005 1561 2087 105,

173 2144 311 2195 xxv111.
329 2148 358 2194 c.
376 2147 410 2219 p.
427 2123 509 2207 107,
538 2121 606 2193 titt.
626 2145 655 2194 a.
670 2121 704 2193 b.
730 2144 763 2216 p.
781 2120 862 2206 198,
888 2143 917 2192 e.
934 2144 967 2216 p.
986 2121 1070 2207 200,
1099 2145 1133 2218 g.
1152 2145 1184 2216 p.
1204 2123 1285 2194 202.
1351 2121 1442 2194 Haec
1470 2119 1561 2190 ordi-

171 2243 283 2314 natim
302 2242 483 2340 attingam.

248 2363 308 2434 Ex
326 2361 424 2435 hisce
434 2359 599 2462 primam
616 2357 723 2431 video
741 2357 879 2432 editum
896 2382 917 2430 a
935 2355 1112 2432 Bbckhio’
1132 2382 1180 2431 ex
1197 2358 1291 2432 libro
1310 2359 1562 2456 Van-Egmon-

173 2481 285 2552 tian0²
304 2505 388 2554 cum
417 2479 608 2554 intervallo
634 2480 729 2553 inter
746 2505 803 2552 vv.
824 2483 854 2551 1.
874 2493 912 2553 et
929 2482 961 2552 2.
981 2491 1018 2552 et
1044 2479 1166 2552 littera
1191 2478 1393 2553 minuscula
1417 2479 1455 2550 in
1480 2478 1561 2550 loco

172 2611 302 2695 quarto
319 2623 400 2696 quae
418 2623 574 2672 marmor
590 2623 664 2670 non
682 2596 888 2671 exhibebat.
944 2597 1242 2694 Supplementum
1260 2622 1385 2671 versus
1409 2597 1560 2694 septimi,

173 2748 220 2797 sc.
240 2714 486 2818 rerurrectio,
502 2725 648 2822 penitus
678 2735 874 2797 evanuerat
896 2745 1008 2818 quum
1036 2723 1192 2819 lapidem
1220 2723 1383 2822 inspexi:
1411 2721 1560 2796 fortasse

172 2843 211 2914 in
240 2853 402 2939 tempore
420 2841 705 2939 Van-Egmontii
731 2841 951 2914 luculentius
977 2842 1153 2915 exstabat.
1215 2844 1299 2917 Hoc
1326 2856 1468 2917 tantum
1490 2869 1560 2916 me·

174 2961 272 3048 mini,
289 2961 442 3059 vestigia
469 2961 634 3057 quaedam
656 2961 757 3034 vocis
781 2960 977 3034 dimidiatae
1005 2962 1129 3034 subter
1146 2988 1179 3034 v.
1200 2965 1231 3036 6.
1249 2965 1367 3062 posita
1383 2965 1422 3037 in
1440 2965 1560 3037 medio

174 3083 379 3179 apparuisse
397 3083 436 3155 in
452 3083 585 3178 quibus
603 3082 832 3156 excutiendis
850 3106 995 3180 operam
1012 3081 1145 3157 frustra
1161 3085 1411 3183 inpendebam.

249 3207 294 3278 In
311 3217 396 3278 nota
412 3229 477 3278 sua
493 3206 658 3302 sequitur
667 3203 899 3278 Eckhelium⁸
916 3203 1101 3280 Bockhius
1118 3204 1163 3279 de
1181 3217 1342 3302 tempore
1357 3206 1464 3304 primi
1477 3231 1560 3279 neo·

173 3339 317 3400 coratus
337 3327 619 3426 smyrnensium,
637 3338 675 3401 et
692 3326 825 3401 exinde
843 3327 982 3425 colligit
999 3327 1144 3400 titulum
1172 3352 1246 3401 non
1274 3325 1384 3399 fuisse
1403 3327 1561 3422 Trajano

172 3447 435 3544 antiquiorem:
473 3447 538 3522 sed
570 3447 615 3521 de
645 3443 713 3520 hac
747 3447 945 3542 quaestione
976 3445 1216 3520 conferendus
1251 3459 1306 3518 est
1324 3445 1559 3520 Vaillantiusb

173 3593 282 3665 quem
300 3593 338 3642 se
356 3583 549 3665 sequutum
566 3569 676 3644 fuisse
693 3569 885 3667 profitetur
901 3567 1107 3643 Eckhelius.

247 3687 446 3766 Secundum
475 3690 546 3789 (tit.
570 3689 727 3787 xxv111.)
753 3690 869 3763 edidit
892 3689 1089 3764 Bdckhiuse
1113 3713 1161 3761 ex
1192 3687 1333 3761 schedis
1363 3688 1560 3784 praesertim

174 3807 461 3901 Prokeschianm,
479 3806 649 3882 adhibitis
667 3831 812 3904 quoque
830 3809 958 3882 ceteris
985 3808 1023 3880 in
1045 3808 1212 3880 lemmate
1234 3807 1374 3880 notans.
1427 3807 1562 3883 Scribit

173 3931 230 4003 vir
251 3929 501 4019 doen'ssimus3
521 3936 611 4004 “ΔΕ
636 3943 719 4028 post
747 3936 947 4006 ΠΑΝΤΟΣ
971 3929 1058 4004 ferri
1081 3929 1225 4024 nequit;
1258 3953 1325 4002 nec
1350 3935 1411 4001 ΤΕ
1434 3930 1560 4025 proba-

214 4206 225 4238 ¹
240 4193 306 4251 Vol
321 4211 352 4250 11.
365 4212 393 4270 p.
402 4191 505 4257 7110.
515 4197 600 4255 3144.
933 4191 947 4229 ¹³
963 4191 1105 4249 Numism.
1120 4211 1166 4268 pp.
1178 4189 1243 4252 266.
1259 4211 1293 4248 ss.

215 4303 227 4332 ¹
241 4292 310 4350 Itin.
326 4309 345 4349 1.
358 4311 388 4369 p.
401 4295 448 4350 80.
933 4295 944 4324 ⁶
959 4291 1025 4349 Vol.
1038 4308 1068 4348 11.
1082 4311 1110 4368 p.
1122 4291 1189 4355 719.
1203 4311 1231 4348 n.
1243 4289 1330 4350 3165.

214 4389 226 4416 ⁸
243 4391 277 4448 D.
289 4391 326 4447 N.
337 4390 375 4448 V.
388 4390 444 4448 vol.
455 4407 486 4448 11.
501 4409 528 4467 p·
538 4393 605 4454 559.
620 4410 644 4448 a.
