3972 5240
173 571 429 650 ruscuccxnvn]
766 566 980 634 SEBASTE.

720 875 1022 972 saansaan).

791 1045 931 1180 pt.

732 1247 943 1323 CCXLVI.
972 1272 1001 1320 a.

372 1417 1390 1490 ΗΒΟΥΛΗΚΑΙΟΔΗΜΟΣΕΤΕΙΜΗΣΑΝΚΑΠΙΤωΝΑ

369 1530 1334 1602 ΣωΚΡΑΤΟΥΣΠΡΕΣΒΕΥΣΑΝΤΑΕΠΙΤΟΥΣΚΥΡΙ

368 1642 1367 1716 omwoxenroesmumaturationem!

586 1755 1137 1825 ΣΠΟΥΔΑΙωΣΚΑΙΠΙΣΤωΣ

172 1924 219 2004 Ἡ
247 1919 376 2021 Βουλὴ
396 1923 456 2002 καὶ
491 1923 511 1999 ὁ
538 1924 669 2019 Δῆμος
697 1921 880 2022 ἐτίμησαν
901 1921 1103 2002 Καπίτωνα
1126 1921 1344 2028 Σωκράτους
1372 1923 1558 2028 πρεσβεύ-

173 2093 295 2138 σαντα
323 2058 383 2136 ἐπὶ
412 2049 497 2138 τοὺς
518 2051 679 2154 Κυρίους
699 2049 986 2155 Αὐτοκράτορας
1015 2050 1089 2134 σὺν
1111 2058 1171 2134 καὶ
1200 2058 1250 2162 τῷ
1280 2061 1345 2163 υἱῷ
1374 2055 1561 2161 Σωκράτει

629 2183 843 2270 σπουδαίως
863 2188 924 2265 καὶ
941 2189 1097 2272 πιστῶς.

248 2375 393 2450 Titulus
410 2369 640 2446 hon01ificus.
692 2367 836 2442 Laudes
853 2383 1111 2442 commemorat
1127 2396 1176 2444 ex
1193 2371 1338 2446 decreto
1359 2373 1512 2447 Senatus
1525 2387 1562 2446 et

171 2497 303 2594 Populi
322 2487 670 2594 (Sebastenornml)
690 2488 878 2586 Capitonis
902 2491 1090 2586 cujusdam
1121 2491 1258 2590 filiique
1284 2495 1362 2590 ejus
1393 2493 1559 2582 Socratis,

172 2629 319 2714 propter
335 2613 550 2712 legationem
569 2609 616 2684 ad
634 2611 875 2708 Imperatores
893 2611 1085 2710 diligenter
1102 2627 1139 2686 et
1155 2639 1239 2687 oum
1255 2614 1327 2688 fide
1344 2627 1535 2712 peractam.

247 2734 370 2808 Retuli
396 2732 494 2804 huno
528 2728 673 2802 titulum
703 2753 725 2800 a
750 2728 832 2800 vino
861 2729 1018 2802 Turcico
1045 2728 1253 2830 Suldjekdtr‚
1280 2733 1378 2805 varie
1406 2735 1452 2806 ab
1482 2735 1560 2806 aliis

172 2857 307 2951 scripto
323 2850 483 2951 Sapiniam
500 2847 656 2948 Sepiolar
679 2846 738 2919 vel
760 2843 943 2945 Sepildnrl.
998 2847 1110 2920 Hune
1139 2849 1262 2922 sedem
1285 2853 1474 2949 Euoarpiae
1503 2878 1562 2927 an·

172 2977 282 3070 tiquae
300 2995 475 3070 occupare
494 2974 687 3070 opinantur
708 2971 875 3066 quidam;
902 2971 962 3044 alii
981 2972 1148 3046 Sebastos
1166 2975 1427 3075 Phrygioruml.
1480 2981 1560 3078 Ego

171 3098 353 3196 inprimis
376 3097 421 3170 de
440 3094 634 3195 Eucarpia'*
660 3097 827 3194 cogitavi,
859 3096 923 3168 sed
949 3122 1046 3170 nuno
1073 3097 1120 3170 ad
1146 3100 1359 3174 sententiam
1391 3102 1560 3197 proclivis

171 3246 251 3294 sum
275 3219 368 3294 hano
393 3221 432 3292 in
455 3221 588 3294 vicinia
609 3219 774 3318 oppiduli
797 3219 918 3294 Uahal
944 3221 1176 3316 quaerendam
1203 3221 1301 3298 esse¹.
1364 3226 1496 3322 Reperi
1522 3227 1560 3298 in

172 3365 348 3414 marmore
366 3339 465 3436 quod
482 3341 519 3414 in
538 3340 713 3414 ambitum
731 3339 892 3412 Mosehoe
908 3341 1049 3414 illatum
1062 3340 1187 3416 fuerat
1228 3343 1311 3416 Non
1324 3343 1410 3416 alias
1421 3344 1558 3418 editum

172 3461 256 3534 vidi.

211 3643 322 3702 ”Confi
332 3643 474 3702 Arundel.
488 3659 539 3699 vu
552 3640 659 3698 Eocles.
673 3659 700 3716 p.
710 3642 778 3699 250.
790 3639 842 3696 ubi
891 3638 1002 3716 grapho
1035 3639 1099 3714 ejus
1125 3639 1162 3697 nd
1187 3659 1233 3698 me
1261 3641 1347 3699 misso
1373 3661 1390 3698 a
1417 3641 1559 3699 Borrellio

171 3757 200 3802 et
218 3743 384 3822 appellatur
394 3739 576 3800 Eski-danda
589 3721 668 3834 (ἧς
684 3719 798 3839 σω),
812 3747 843 3796 et
891 3739 1014 3796 invenio.

172 3845 272 3902 Franz.
288 3845 319 3900 iu
339 3842 434 3900 lemm.
456 3861 483 3898 n.
503 3839 588 3903 3871.
603 3859 640 3898 ex
659 3840 799 3914 Kieperto
812 3845 842 3894 et
933 3836 1025 3896 'Hoc
1051 3838 1154 3896 asserit
1179 3838 1293 3896 doctina
1318 3839 1495 3898 Letronnius
1528 3843 1559 3899 in

171 3940 343 3998 Amndello.
890 3937 1120 3996 Joamnessav.
1135 3939 1216 4001 1829.
1226 3956 1253 4014 p.
1259 3935 1326 4001 691.
1345 3937 1444 3995 Aliter
1453 3943 1559 3998 statuit

211 4039 218 4078 ¹
238 4040 283 4100 Ut
297 4040 454 4116 Kiepertus
468 4039 518 4096 nit.
532 4039 563 4095 in
576 4038 670 4096 lemm.
680 4035 782 4094 Franz.
794 4035 842 4093 nbi
892 4035 1032 4093 Franzius
1045 4036 1076 4092 in
1090 4035 1185 4092 lemni.
1200 4055 1229 4093 n.
1239 4033 1325 4096 3862.
1344 4038 1397 4112 qui
1410 4037 1558 4115 Alyddam

169 4157 265 4214 supro.
891 4131 926 4209 (s.
955 4129 1148 4207 Flaviopolin)
1183 4133 1225 4190 ibi
1254 4133 1339 4190 sitam
1375 4138 1556 4210 pronuntiat,

209 4238 222 4275 ¹
238 4237 273 4296 In
286 4235 340 4296 hae
353 4235 497 4294 sententia
509 4254 621 4294 meeum
630 4234 730 4293 fecisse
739 4233 840 4292 Dette·
890 4249 992 4307 nempe
1004 4249 1041 4287 ex
1052 4229 1168 4287 Arund
1182 4231 1230 4290 uti
1245 4251 1320 4306 supr.
1333 4242 1363 4291 et
1373 4234 1555 4304 Danaeia,

170 4337 246 4395 rium
270 4336 417 4414 (oomitsm
437 4335 502 4392 itin.
517 4333 688 4406 Arnndelli)
707 4351 744 4391 ex
773 4351 840 4408 apo·
890 4340 943 4388 eto
958 4341 1026 4388 tom.
1038 4347 1056 4386 1.
1071 4349 1097 4406 p.
1113 4331 1176 4388 105.
