3992 5240
184 548 512 638 rascacxuqoxru]
776 544 996 616 Tanatus.

637 738 1097 810 ΓΙΟΥΛΙΟΝΦΙΛΙΠΠΟΝ

637 852 1140 922 ΕΠΙΤΡΟΠΟΝΤΩΝΣΕΒΑ

635 965 1152 1038 ΣΤΩΝΠΑΤΕΡΑΙΟΥΛΙΟΥ

186 1269 302 1352 Γείῖον
319 1266 482 1350 Ἰούλιον
500 1268 708 1364 Φίλιππον,
723 1267 927 1370 ἐπίτροπον
945 1270 1020 1346 τῶν
1031 1269 1250 1362 Σεβαοτῶν,
1261 1261 1405 1368 πατέρα
1417 1259 1579 1342 Ἰουλίου

186 1403 394 1500 Φιλίππου,
419 1407 688 1506 συγκλητικοῦ,
718 1400 937 1505 στρατηγοῦ
949 1396 1152 1499 Ῥωμαίων,
1175 1397 1198 1498 ἡ
1218 1392 1380 1481 σύνοδος
1410 1400 1485 1475 τῶν
1503 1391 1577 1474 ἀπὸ

186 1535 328 1620 Ἰωνίας
347 1536 409 1616 καὶ
422 1529 718 1636 Ἑλλησπόντου
748 1528 815 1612 τὸν
833 1530 930 1612 lotor
955 1529 1191 1634 ίγὼνοθέτην
1214 1531 1276 1610 καὶ
1305 1522 1493 1632 λογιστὴν
1518 1529 1579 1606 καὶ

185 1665 392 1773 εὐεργέτην·
414 1664 710 1768 ἐπιμεληθέντων
729 1663 964 1770 Σεραπίωνος
993 1658 1045 1764 β’,
1071 1661 1276 1767 Μάγνητος
1301 1657 1375 1741 ἀπὸ
1395 1657 1577 1756 Σιπύλου,

373 1796 654 1897 ὀλυμπιονίκου,
674 1795 735 1874 καὶ
753 1794 932 1898 Τιβερίου
952 1795 1145 1878 Κλαυδίου
1160 1795 1378 1899 Σπερχειοῦ.

260 1987 494 2086 Descriptum
520 1984 631 2058 habui
654 1981 700 2058 de
724 1984 884 2083 capitulo
901 1984 1088 2070 columnae,
1105 1982 1202 2056 basis
1219 1982 1355 2079 opinor.
1408 1982 1581 2055 Latuerat

187 2104 410 2184 Sherardum
437 2103 502 2202 qui
528 2127 571 2176 ea
593 2101 785 2176 dumtaxat
810 2099 923 2176 refert
951 2125 1034 2199 quae
1051 2101 1226 2177 avertice
1243 2101 1400 2176 discreta
1415 2102 1454 2174 in
1471 2126 1579 2200 scapo

184 2227 415 2328 apparebunt,
432 2250 479 2300 sc.
497 2249 554 2296 vv.
573 2225 681 2297 4-16.
735 2221 884 2297 Haecin
896 2221 1108 2300 minusculis
1121 2221 1296 2321 supplevi.
1312 2220 1416 2298 Conf.
1435 2221 1578 2297 B'oclrh-

185 2349 286 2424 ium¹.

783 2509 928 2586 cnm.
952 2455 979 2584 l.

261 2699 466 2800 Collegium
495 2711 694 2800 mystarum
724 2723 908 2773 sacrorum
936 2697 1075 2772 honore
1105 2709 1375 2796 prosequuntur
1402 2697 1579 2796 Glyptum

186 2819 251 2916 qui
275 2843 427 2892 munera
451 2818 591 2892 obierat
615 2817 823 2916 agoranomi
853 2828 891 2890 et
914 2817 1045 2890 summi
1070 2817 1221 2916 logistae,
1251 2817 1387 2914 quique
1418 2819 1579 2894 aedificiis

184 2939 315 3014 urbem
331 2937 483 3037 patriam
500 2948 699 3010 ornaverat.

261 3055 373 3132 Edidi
406 3056 452 3130 de
489 3057 698 3156 apographo
732 3057 832 3153 quod
870 3081 1013 3132 mecum
1056 3058 1338 3132 communicavit
1368 3059 1577 3135 Borrellius.

186 3179 385 3257 B'ockhius·
407 3179 536 3254 habuit
564 3203 614 3253 ex
643 3179 786 3254 schedis
804 3178 1063 3266 Rochettianis,
1085 3177 1215 3252 iisdem
1243 3177 1363 3253 oredo.
1417 3180 1576 3256 Correxi

186 3324 283 3399 seqq.
310 3301 350 3374 in
380 3325 500 3399 apogr.
522 3313 561 3374 et
587 3298 672 3374 edit
696 3298 833 3375 Bbckh.
886 3301 931 3372 In
948 3325 981 3372 v.
1000 3301 1032 3372 2.
1053 3303 1178 3386 ΙΥΟΝ,
1196 3299 1423 3397 transpositis
1439 3302 1575 3398 primis,

185 3423 257 3497 nisi
282 3421 376 3496 sorte
403 3420 615 3520 praeferatur
629 3427 748 3497 ΥΟΝ.
806 3423 908 3494 1115.
935 3423 997 3496 Bo'.
1026 3425 1279 3496 ΛΟΓΙΣΤΝΝ.
1344 3421 1389 3494 In
1419 3423 1452 3494 8.
1475 3425 1576 3496 Borr.

189 3547 417 3618 ΓΙΑΤΙΔΟΣ.
475 3536 641 3640 Uterque
657 3543 697 3616 in
717 3545 773 3616 10.
791 3546 1000 3617 ΠΟΛΕΟΣ.
1051 3541 1148 3615 Dein
1171 3565 1257 3614 sana
1278 3553 1334 3616 est
1355 3541 1464 3617 lectio
1476 3551 1577 3619 ΤΗΣ

186 3663 231 3738 de
259 3687 333 3760 qua
360 3663 425 3739 Bo.
448 3663 685 3759 quaestionem
710 3662 834 3736 movit.
887 3663 933 3734 In
962 3664 1017 3735 14.
1036 3663 1100 3738 Βό.
1117 3668 1260 3735 ΤΆΑΛ.
1327 3661 1492 3737 Fortasse
1516 3665 1576 3739 hic

185 3807 357 3882 agnoscas
373 3781 526 3858 formam
543 3783 752 3883 angularem
765 3783 896 3858 littera
915 3790 954 3858 Ρ.

258 3903 304 3976 In
333 3901 474 3976 duabus
490 3901 590 3977 hisce
613 3901 907 4002 inscriptionibus
925 3923 1014 3978 oxu.
1032 3924 1134 3978 omn.
1163 3927 1211 3976 ex
1238 3903 1445 3978 nominibus
1467 3904 1576 4002 impe·

185 4023 328 4097 ratoriis
349 4021 483 4095 limites
505 4033 710 4118 temporum
736 4019 842 4094 facile
865 4017 1096 4094 constitueris
1118 4019 1215 4093 utin
1231 4019 1397 4116 plurimis
1413 4021 1575 4120 ejusdem

186 4155 291 4218 notoe.

226 4333 239 4358 ¹
253 4329 316 4388 Ubi
330 4348 393 4406 sup.
407 4348 434 4405 p.
446 4331 512 4393 589.
527 4347 555 4387 n.
568 4331 654 4394 2933.
953 4329 964 4358 ¹
980 4323 1055 4383 Ibid.
1069 4344 1096 4402 p.
1107 4323 1175 4384 586.
1193 4344 1221 4383 n.
1236 4323 1322 4390 2926.
