3992 5240
459 590 521 654 110
867 587 1218 656 INSCRIPTIONES
1241 588 1433 657 GRAECAE.
1499 589 1620 671 [rusca.
1634 611 1670 658 11.
1684 591 1712 656 b.
1729 611 1837 656 rusca

793 781 928 868 sarisas
947 780 1059 887 ίεροίτ,
1080 785 1141 863 καὶ
1160 779 1226 868 τὰν
1246 781 1301 864 ἐπ’
1322 783 1449 867 αὐτοῖς
1467 785 1543 864 ε’κε-

703 925 748 998 10
793 915 933 1021 χειρίατ
952 911 1497 1022 φυλαχθήσεσθαι·ιπροεστῶ-

952 1081 1016 1132 ror
1035 1051 1101 1148 τῆς
1119 1045 1359 1154 πανηγύρεως

791 1181 906 1260 Τίτου
923 1180 1058 1260 Αίλίου
1079 1183 1301 1284 Μορκιανοῦ
1322 1182 1508 1286 Πρίσκου,

790 1313 856 1394 τοῦ
876 1312 1123 1415 ἀγωνοθέτου,
1142 1311 1258 1394 Τίτου
1278 1313 1413 1393 Αἰλίου

792 1446 980 1550 Πρίσκου,
1000 1443 1136 1550 ἀνδρὸς
1155 1443 1408 1546 δοκιμωτάτου
1427 1449 1487 1526 καὶ

700 1588 745 1658 15
790 1575 918 1680 πάσης
938 1583 1044 1680 τιμῆτ
1064 1582 1125 1660 καὶ
1145 1582 1336 1686 ἀποδοχῆς
1355 1578 1476 1686 ἀξίου.

531 1781 575 1853 In
598 1780 667 1852 hoc
694 1782 874 1879 praecipue
902 1783 1062 1858 notanda
1079 1784 1179 1858 venit
1196 1784 1349 1858 varietas
1374 1785 1540 1858 lectionis
1558 1787 1789 1862 Borrellianae
1804 1786 1837 1858 in

455 1931 487 1978 v.
504 1909 559 1979 13.
576 1911 675 1982 ΥΟΥ
691 1911 861 1996 ΑΙΛΙΟΥ,
879 1908 914 1981 h.
927 1932 957 1982 e.
978 1905 1071 1998 υἱοῦ,
1090 1909 1175 1984 satis
1192 1909 1398 2006 probabilis.

529 2027 574 2099 In
596 2028 708 2102 latere
726 2030 834 2103 tertio
850 2031 1038 2104 marmoris
1055 2031 1257 2128 insculptus
1279 2031 1397 2106 fuerat
1414 2032 1540 2106 titulus
1561 2033 1652 2106 alter
1674 2035 1712 2106 in
1735 2033 1836 2106 hono

454 2173 530 2220 rem
548 2149 737 2245 cujusdam
764 2151 855 2225 civis
884 2151 1058 2250 Ephesini
1085 2153 1237 2251 insignis
1263 2153 1327 2250 qui
1349 2152 1395 2226 de
1417 2153 1593 2252 religione
1615 2153 1731 2250 patria
1752 2155 1836 2226 bene

453 2283 653 2362 meruerat3
673 2281 893 2369 quapropter
910 2285 1029 2347 statua
1050 2275 1085 2348 ei
1102 2275 1220 2372 posita
1236 2286 1465 2348 memoratur.
1517 2275 1647 2348 Basem
1664 2273 1748 2347 ideo
1764 2297 1837 2346 con·

454 2390 625 2486 spicimus
647 2391 882 2488 inscriptione
913 2393 1047 2492 triplici
1075 2394 1298 2480 instructam,
1321 2393 1361 2467 id
1381 2394 1482 2491 quod
1498 2394 1734 2493 probabiliter
1760 2394 1837 2466 satis

454 2509 574 2583 innuit
591 2510 747 2584 eundem
764 2509 875 2586 fuisse
893 2511 1013 2587 virum
1031 2537 1097 2611 per
1114 2516 1219 2612 cujus
1236 2513 1476 2589 ministerium
1494 2515 1592 2590 edita
1617 2514 1761 2588 fuerant
1787 2513 1838 2585 de·

453 2647 552 2705 creta
569 2631 614 2705 de
634 2629 807 2706 sacrando
824 2657 947 2706 mense
965 2645 1043 2708 toto
1054 2633 1312 2728 Artemisione‚
1323 2647 1361 2707 et
1373 2633 1471 2708 seriis
1487 2633 1526 2708 in
1543 2659 1588 2708 eo
1601 2632 1837 2716 observandis,

452 2765 494 2824 ut
519 2751 611 2825 adeo
627 2754 838 2849 conspectui
862 2753 901 2826 in
924 2753 1053 2828 eodem
1078 2779 1255 2829 marmore
1274 2755 1382 2830 obvia
1407 2769 1526 2829 essent
1550 2755 1721 2853 praeclare
1738 2754 1837 2827 abeo

452 2886 562 2970 gesta.
614 2873 732 2946 Tituli
757 2873 941 2948 honorarii
969 2873 1156 2972 exemplar
1172 2897 1255 2948 cum
1273 2875 1402 2947 ceteris
1424 2875 1462 2948 in
1484 2897 1593 2972 opere
1616 2898 1724 2971 supra
1746 2873 1836 2946 dicto

453 2993 651 3092 evidgavi',
668 3005 705 3068 et
731 3019 829 3068 nune
858 2993 1096 3093 repetendum
1126 2997 1251 3070 censui
1271 3009 1314 3071 ut
1336 2995 1596 3070 constructioni
1619 2995 1837 3090 aliquatenus

452 3111 635 3208 impedita
652 3112 690 3184 in
707 3109 861 3186 exordio
877 3109 1094 3188 medicinam
1111 3114 1333 3188 admoveam.

529 3238 767 3334 Conjeceram
783 3233 859 3312 illic
876 3227 924 3310 τὰ
938 3229 1080 3323 τέλεια,
1092 3239 1191 3336 quod
1210 3266 1317 3334 nunc,
1330 3240 1480 3314 meliora
1496 3239 1656 3325 edoctus,
1670 3234 1839 3311 ἀτελειῶν

454 3361 625 3458 scriptum
643 3360 736 3433 volo.
788 3357 961 3434 Decurrit
984 3355 1240 3459 apographum,
1258 3359 1358 3457 quod
1381 3357 1428 3433 ad
1444 3384 1502 3432 me
1520 3359 1618 3432 misit
1635 3358 1837 3438 Borrellius,

451 3485 1119 3568 ΤΗΝΠΑΝΗΓΥΡΙΝΚΑΙΑΤΕΛΕΙΟ,
1133 3480 1194 3553 cui
1207 3479 1297 3554 fides
1308 3481 1449 3555 accedit
1460 3505 1509 3554 ex
1520 3478 1733 3556 Bdclrhiano
1744 3485 1838 3553 ΑΤΕ·

452 3611 611 3681 ΛΕΙΟΝ.
667 3605 797 3680 Prodit
818 3631 867 3680 ex
887 3606 987 3681 hisce
1004 3607 1226 3681 constructio
1252 3595 1415 3704 τυχόντα
1434 3600 1610 3678 ἀτελειῶν
1628 3600 1690 3678 καὶ
1709 3600 1836 3702 ε’κεχει·

450 3725 546 3828 ρίατ,
575 3731 788 3828 conquisitis
814 3733 987 3806 nimirum
1013 3733 1052 3806 in
1078 3733 1229 3831 gratiam
1256 3731 1391 3806 civium
1422 3730 1719 3816 immunitatibus,
1745 3729 1839 3804 seria·

450 3875 605 3947 rumque
624 3851 811 3926 sanctitate
838 3875 904 3949 per
925 3864 1049 3936 totum
1066 3873 1226 3925 mensem
1245 3850 1502 3936 Artemisiona‚
1519 3875 1540 3922 a
1558 3849 1730 3922 Romanis
1747 3847 1839 3922 haud

451 3970 572 4058 dubie,
590 3983 632 4043 ut
649 3969 789 4042 notavit
806 3967 1002 4056 Bockhius
1020 3967 1108 4042 dum
1124 3968 1342 4067 legationem
1360 3966 1501 4040 obierit

525 4089 800 4190 Apographum
817 4092 921 4186 cujus
946 4090 1106 4184 memini,
1124 4087 1389 4163 Borrellianum
1407 4112 1532 4161 versus
1553 4085 1691 4184 priores
1712 4111 1838 4162 novem

450 4214 710 4310 complectitur.
763 4211 891 4286 Edidit
918 4211 1102 4311 integrum
1125 4210 1279 4288 noctu*
1300 4235 1349 4284 ex
1365 4210 1468 4284 libris
1495 4207 1710 4304 schedisque
1739 4233 1841 4308 supra

490 4431 501 4464 Υ
516 4423 651 4482 Fascius.
669 4443 696 4500 p.
706 4423 754 4486 27.
772 4424 946 4482 riarium.
961 4443 984 4481 c
1199 4429 1208 4452 ¹
1222 4423 1289 4480 Vol.
1307 4437 1337 4479 u.
1353 4442 1379 4499 p.
1396 4419 1463 4482 600.
1483 4441 1510 4480 n.
1525 4425 1610 4486 2954.
1625 4421 1660 4479 B.
