3952 5238
156 587 356 668 insonum]
684 585 1008 655 APHRODISIAS.
1478 601 1541 664 299

157 777 347 846 ΝΙΓΡΟΥ.
364 775 442 844 ΑΡ.
460 778 540 844 ΠΡ.
560 777 604 845 Β.
636 785 698 850 Sed
710 787 899 874 pretulerim
908 789 1170 857 constructionem
1180 792 1320 859 adverbii
1332 817 1404 860 cum
1416 801 1538 880 ταμίαν,

153 889 239 974 quod
254 889 414 974 sequitur:
438 889 537 968 aliter,
553 890 633 956 foret
644 893 767 978 (credo)
783 896 820 961 τὸ
841 893 899 972 δίς.

215 1003 337 1080 Ταμίαν
352 996 405 1061 hio
421 1011 628 1061 memoratum
642 1021 719 1063 cave
741 1022 780 1064 ne
796 1000 903 1065 credes
918 1000 1012 1066 fuisse
1028 1001 1222 1082 Questorem
1235 1003 1421 1070 Romanum.
1465 1007 1541 1073 Erat

154 1125 267 1189 nempe
290 1105 419 1189 patr-ius,
441 1101 540 1187 qualis
563 1101 597 1166 in
621 1101 713 1167 titulo
736 1103 899 1190 Smymaeo
923 1105 1071 1191 quodam‘
1091 1109 1275 1194 perhibetur
1290 1109 1440 1188 collinus,
1456 1127 1489 1178 et
1507 1114 1541 1178 in

156 1215 330 1302 Sponiano⁸
349 1214 461 1279 obvius
484 1227 541 1292 est,
561 1209 898 1279 ΤΑΜΙΟΥ.ΤΟΥ.
917 1211 1113 1280 ΔΗΜΟΥ.
1130 1215 1401 1284 ΔΕΥΤΕΡΟΝ.
1462 1224 1540 1290 Tres

155 1321 186 1385 in
201 1321 338 1386 nummis
350 1333 489 1387 recenset
503 1321 701 1399 Eckheliusl,
717 1321 782 1388 scil.
798 1324 955 1412 Pergami,
968 1323 1082 1401 Rhodi,
1097 1325 1250 1412 Smyrnae,
1261 1339 1293 1392 et
1304 1349 1419 1392 munus
1433 1329 1540 1394 statuit

153 1428 244 1492 fuisse
260 1427 403 1494 Poeante
420 1431 552 1516 publium
574 1453 746 1518 quocunque
761 1435 881 1498 immine
903 1435 945 1497 ad
965 1435 1297 1500 moturemoture
1318 1437 1469 1523 profanos
1486 1441 1540 1502 ud·

153 1537 407 1600 mimttraeimem.

196 1643 224 1705 3.
251 1647 443 1727 Γραμματέα.
487 1639 540 1706 Ex
566 1642 817 1709 honoratioribus
841 1645 935 1711 fixisse
960 1645 1045 1712 hunc
1063 1646 1278 1734 magistratum
1294 1647 1366 1712 satis
1381 1671 1423 1713 ex
1445 1647 1538 1712 titulo

154 1761 256 1814 nostro
280 1759 448 1838 comperet,
472 1771 569 1833 quum
596 1748 630 1812 in
655 1747 765 1812 eodem
789 1747 930 1836 catalogo
954 1771 1026 1814 cum
1050 1749 1178 1814 summis
1204 1764 1409 1816 recenseatur.
1461 1751 1538 1816 dure

152 1853 248 1942 igitur
262 1868 411 1920 statuerat
425 1853 609 1920 Vandalius¹
634 1879 708 1920 eum
731 1855 824 1921 fuisse
848 1854 941 1944 longe
964 1855 1090 1942 majoris
1114 1855 1275 1944 dignitatis
1295 1870 1388 1942 atque
1404 1857 1537 1922 anctori-

153 1959 223 2024 tatis
246 1959 280 2024 in
304 1958 484 2025 civitatibus
501 1958 583 2024 Asiae
610 1984 704 2045 quam
730 1960 813 2048 apud
838 1960 994 2025 Romanos
1017 1960 1068 2026 vel
1091 1960 1185 2026 etiam
1200 1961 1420 2028 Athenienses.
1466 1962 1537 2027 Hoc

152 2065 308 2130 evincitur
321 2065 478 2153 praeoipue
493 2089 535 2130 ex
549 2065 686 2131 nummis
701 2066 756 2152 qui
771 2067 885 2154 signati
901 2069 1136 2156 conspiciuntur
1161 2068 1341 2134 nominibus
1364 2069 1535 2137 scribarum

151 2184 301 2256 tanquam
330 2195 566 2260 eponymorum.
625 2172 757 2239 Excitat
775 2171 966 2240 Vandilios*
991 2175 1153 2263 Ephesios,
1178 2173 1367 2263 Magnesios,
1397 2174 1535 2262 Nysaeos,

152 2275 336 2352 Trallianos,
352 2289 410 2341 etc.
433 2275 541 2341 titulos
564 2300 656 2364 porro
679 2301 721 2342 ex
746 2276 902 2343 Reinesio¹
922 2294 954 2342 et
981 2279 1131 2366 sponiom.
1176 2279 1300 2344 Horum
1314 2279 1453 2346 maxime
1468 2304 1535 2346 sen·

151 2402 220 2444 aum
238 2395 346 2445 moret
361 2379 540 2468 Ephesiuus
563 2395 690 2468 propter
714 2379 809 2446 fidem
833 2380 1011 2448 historicam
1033 2406 1074 2448 ex
1090 2382 1179 2448 codd.
1195 2395 1287 2449 sacr.n
1301 2385 1534 2472 comprobatam

151 2485 184 2550 iu
198 2485 268 2550 loco
290 2486 346 2552 ubi
360 2486 462 2553 scriba
475 2484 649 2552 luculenter
660 2499 789 2574 apparet
802 2486 934 2574 gradum
946 2487 1115 2553 obtinuisse
1130 2488 1212 2554 inter
1226 2489 1376 2576 primores
1390 2489 1535 2570 civitatis

151 2614 248 2676 quum
271 2592 443 2657 tumultum
466 2591 701 2658 formidolosum
722 2593 956 2680 compescuerit,
973 2593 1127 2680 dictisque
1142 2596 1366 2682 obsequentem
1390 2595 1534 2663 habuerit

150 2711 349 2764 conventum.
394 2698 481 2764 Hinc
498 2699 578 2764 bene
593 2700 689 2766 vertit
703 2705 721 2768 ὁ
737 2705 934 2788 γραμματεὺς
950 2701 1106 2789 Interpres
1124 2703 1221 2790 Syrus
1235 2707 1381 2792 peinceps
1400 2699 1533 2783 eruut,

150 2817 184 2867 ut
197 2813 297 2901 ⁸203,
327 2828 369 2872 sc.
398 2827 509 2892 praeses
540 2803 687 2870 Sumsriae
717 2803 920 2892 Babylonius,
948 2806 987 2872 ab
1017 2807 1244 2874 Alexandrinis
1272 2824 1401 2874 vocatur
1432 2817 1535 2898 Γραμ-

149 2917 286 2996 uersi&

213 3019 248 3086 Si
264 3020 334 3106 quis
349 3019 500 3110 ampliore
514 3021 676 3100 desideret,
686 3021 865 3088 referendus
879 3021 977 3088 ested
987 3021 1213 3088 Wetsteniuml’
1226 3023 1296 3109 (qui
1311 3037 1416 3090 tamen
1430 3025 1533 3090 minus

148 3127 288 3203 feliciter,
304 3141 456 3213 quatenus
471 3127 510 3194 de
525 3127 679 3216 dignitate
700 3127 898 3217 magistratus
922 3127 1033 3216 agitur,
1057 3139 1215 3216 comparat
1239 3128 1383 3194 instituta
1400 3129 1533 3194 Atheni-

149 3235 297 3320 ensium),
331 3231 523 3311 seldenum,
558 3231 770 3312 Eclrhelium¹,
802 3233 1037 3312 Schwarzium⁸,
1067 3257 1140 3300 curn
1169 3233 1285 3299 tituliis·
1312 3234 1472 3300 Pococlrii
1502 3249 1534 3300 et

149 3337 291 3426 ceperis.

209 3446 238 3507 4.
263 3451 325 3520 Alc
340 3443 583 3531 ἂρχινεωποιόν.
632 3443 693 3524 Qut
716 3444 762 3508 bis
787 3442 905 3528 collegio
932 3441 1137 3530 Neopoeomm
1154 3443 1294 3530 prefuit.
1339 3442 1425 3510 Vide
1450 3468 1532 3532 supr.

182 3697 190 3730 ¹
206 3701 289 3748 uam.
303 3701 380 3748 oxon
393 3713 420 3747 ιι.
430 3703 470 3748 81.
894 3710 906 3732 ⁰
922 3703 987 3751 cont
1000 3703 1052 3749 Em.
1066 3715 1101 3750 ιν.
1114 3705 1136 3750 8.
1154 3701 1241 3751 stacta
1254 3717 1279 3751 x.
1293 3707 1315 3752 t.

177 3792 189 3827 ι
205 3787 310 3847 voyage,
322 3792 377 3833 tona
388 3799 426 3834 ιιι.
438 3801 461 3846 p.
471 3789 509 3834 93.
869 3767 873 3778 ’
894 3791 907 3826 Ρ
924 3786 953 3833 N.
963 3785 989 3832 Τ.
1002 3785 1047 3834 sol.
1056 3797 1084 3834 ιι.
1095 3799 1118 3846 p
1128 3787 1182 3834 186.

178 3868 189 3902 ¹¹
205 3871 257 3918 Vol
271 3885 303 3918 ιι.
317 3885 339 3930 p.
348 3873 403 3918 102.
896 3879 907 3912 ἰ
924 3872 1006 3918 blarru
1019 3872 1096 3920 Oxou.
1109 3885 1129 3932 p
1143 3875 1195 3920 110.

179 3955 498 4016 'lummesdene
898 3954 994 4000 π1111.
1007 3955 1059 4002 Vet-
1071 3955 1289 4014 varranum

177 4038 188 4072 ¹¹
204 4041 300 4100 Nempe,
313 4055 345 4088 ax
356 4039 466 4098 tronus,
478 4055 500 4100 p.
509 4041 564 4090 285.
575 4043 627 4088 tls.
894 4047 903 4070 ¹
922 4039 1039 4098 Opuseula
1046 4040 1154 4086 Aradum.
1164 4042 1219 4088 2³0.

178 4123 183 4156 ¹
204 4127 327 4188 syntagm
345 4124 415 4172 Inscn
428 4125 463 4175 Ol.
476 4139 516 4174 ιιι.
528 4140 551 4172 ιι
562 4129 600 4174 tt.
895 4127 902 4155 ¹
924 4124 984 4171 Vide
995 4124 1079 4170 Fascio
1089 4137 1105 4170 ι.
1123 4125 1159 4170 tit
1171 4141 1191 4171 c.
1203 4139 1225 4185 p.
1236 4129 1290 4174 144.

178 4209 301 4257 -ιιιωιι
313 4211 400 4268 nass.
896 4215 906 4238 ι
925 4207 1216 4269 nundinentur.

177 4295 547 4355 nannetensium

789 4378 873 4450 202
