3992 5240
484 563 546 627 148
891 557 1242 626 INSORIPTIONES
1264 558 1455 626 GRAECAE.
1489 560 1847 642 [assuetissimum.

485 755 716 859 Ἐλευθέρων
734 788 774 835 τε
794 754 889 832 καί·
913 801 927 812 -
953 801 966 812 -
991 801 1004 813 -
1025 749 1128 856 παρὰ
1142 749 1288 832 δούλων
1306 748 1380 832 ἀπό
1402 799 1416 812 ·
1440 799 1453 812 -
1478 799 1491 812 -
1513 758 1643 832 πᾶσιν·
1665 749 1781 832 τῶνδ’
1800 753 1847 829 ἐπὶ

774 920 839 984 ⁷⁷7⁹
869 927 1586 944 ................

560 1099 683 1176 Credo
710 1095 855 1172 titulum
883 1095 1016 1170 referre
1045 1094 1135 1192 quid
1162 1093 1275 1168 votivi
1303 1091 1513 1166 sMaeoniis
1540 1105 1618 1166 tum
1641 1093 1760 1166 liberis
1787 1103 1848 1163 tum

485 1220 598 1293 servis
620 1217 831 1316 profectum.
873 1215 1114 1311 ¹Descriptum
1135 1211 1246 1286 habui
1276 1211 1322 1285 de
1351 1237 1528 1286 memore
1552 1213 1696 1310 jacente
1719 1213 1753 1284 in
1775 1211 1849 1283 strio

484 1338 640 1414 mosohae
658 1337 837 1411 Kulensis.
889 1335 1145 1433 Fragmentum
1162 1334 1257 1406 inter
1274 1333 1483 1406 obscuriora
1499 1345 1561 1406 est.

1054 1643 1250 1719 CLXVII.
1278 1641 1301 1714 f.

932 1850 1422 1920 ΜΗΝΙΑΣΙΟΤΤΗΝΩΕΠΙ

930 1961 1472 2034 ΕΡΜΟΓΕΝΗΣΓΛΥΚΩΝΟΣ

932 2075 1479 2148 ΚΑΙΝΙΤΩΝΙΣΦΙΛΟΞΕΝΟΥ

932 2189 1440 2261 ΕΛΟΙΔΟΡΗΣΑΝΑΡΤΕΜΙ

856 2305 877 2372 5
930 2301 1479 2372 ΔΩΡΟΝΠΕΡΙΟΙΝΟΥΑΡΤΕ

930 2413 1446 2485 ΜΙΔΩΡΟΣΠΙΤΤΑΚΙΟΝΕ

927 2526 1407 2598 ΔΩΚΕΝΟΘΕΟΣΕΚΟΛΑ

927 2639 1430 2710 ΣΕΤΟΤΟΝΕΡΜΟΓΕΜΝ

928 2749 1467 2821 ΚΑΙΕΙΛΑΣΕΤΟΤΟΝΘΕΟΝ

831 2861 875 2932 10
928 2863 1401 2933 ΚΑΙΑΠΟΝΥΝΕΥΔΟΚΕΙ

484 3095 588 3195 Μηνὶ
605 3091 841 3198 Ἀζιοττηνῲ·
875 3089 953 3170 ἐπεὶ
973 3085 1204 3192 Ἑρμογένης
1215 3081 1412 3166 Γλύκωνος
1438 3079 1498 3161 καὶ
1518 3082 1677 3164 Neronis
1689 3072 1846 3180 Φιλοξέν-

482 3261 525 3306 ον
557 3221 807 3328 ἐλοιδόρησαν
825 3221 1100 3326 Ἀρτεμίδωρον
1128 3220 1215 3322 περὶ
1246 3215 1361 3313 οἴνου,
1392 3214 1653 3318 Αρτεμίδωρος
1679 3210 1849 3293 πιττάκιον

482 3359 625 3438 ἔδωκεν·
648 3353 768 3441 ὁθεδς
788 3351 993 3436 ἐκολάσετο
1012 3348 1337 3454 τὸνἘρμογένην,
1354 3349 1414 3427 καὶ
1434 3343 1590 3426 ἱλάσετο
1610 3343 1678 3426 τδν
1697 3341 1788 3441 θεόν,
1802 3339 1848 3419 καὶ

1013 3480 1087 3563 ἀπὸ
1108 3489 1173 3562 νῦν
1193 3482 1345 3560 εὐδοκεῖ.

557 3722 759 3796 Conviciati
776 3721 919 3796 suerent
936 3722 982 3796 de
1003 3725 1089 3796 vino
1107 3724 1382 3798 Artemidorum
1410 3723 1602 3821 quemdam
1621 3723 1849 3819 Hermogenes

482 3855 519 3917 et
537 3843 680 3916 Nitonis
700 3844 814 3940 (uxor
830 3844 908 3939 ejus
918 3841 953 3941 ?)
962 3872 976 3948 :¹
1000 3843 1094 3930 dein,
1120 3844 1243 3918 tabula
1261 3844 1383 3918 votiva
1400 3845 1529 3929 oblata,
1547 3844 1637 3916 iram
1656 3843 1716 3917 dei
1732 3837 1850 3915 Mensis

486 3963 674 4037 Aziotteni
687 3963 911 4060 Hermogeni
927 3963 1099 4036 intulerat
1112 3963 1390 4038 Artemidorus:
1409 3963 1566 4062 placavit
1582 3963 1644 4036 ille
1662 3985 1798 4044 numen,
1813 3956 1851 4028 sa·

480 4107 647 4178 mamque
664 4082 850 4180 pristinam
867 4081 1101 4179 recuperavit.

555 4201 740 4298 Descripsi
756 4201 903 4275 titulum
921 4201 966 4276 de
988 4202 1110 4276 tabula
1133 4227 1215 4277 eum
1246 4201 1450 4302 anaglypho
1474 4203 1709 4299 superposito,
1727 4225 1771 4274 sc.
1792 4219 1852 4271 cre·

482 4337 602 4399 scente
621 4323 715 4408 luna,
735 4321 828 4394 siout
843 4322 882 4394 in
899 4344 1007 4397 chx.
1026 4319 1127 4394 infre
