3972 5240
460 665 522 726 258
868 657 1219 726 INSCRIPTIONES
1242 657 1433 726 GRAECAE.
1566 659 1685 742 [mser.
1695 679 1836 724 comui.

460 849 669 961 Μενάνδρῳ
688 851 751 933 ε’πί
762 886 801 933 τε
814 855 879 952 τῆς
892 849 1089 958 ἱερωτάτης
1102 857 1250 954 Βουλῆο
1270 851 1330 933 καί
1349 861 1417 934 τοῦ
1435 851 1704 956 λαμπροτάτου
1715 851 1836 953 Δήμου

457 983 733 1092 Ἀφροδισιέων
746 986 832 1089 περὶ
851 989 924 1065 τῶν
943 983 1291 1090 προηγορευμένων,
1310 983 1469 1086 τιμῆσαί
1484 1019 1525 1065 τε
1544 983 1659 1066 αὑτὸν
1677 988 1836 1090 ἀνδριαν-

459 1153 532 1198 των
546 1115 754 1198 ἀναστάσει
767 1119 827 1197 καὶ
842 1113 994 1197 εἰκόνων
1005 1117 1180 1200 ἀναθέσει
1197 1120 1237 1198 ἐν
1250 1118 1302 1225 τῷ
1317 1113 1581 1218 ε’πιοημοτιίτω
1595 1121 1661 1217 τῆς
1671 1119 1836 1222 πατρίδος

458 1247 574 1357 τόπῳ,
594 1245 957 1357 ἐπιγραφησομένων
970 1251 1044 1330 τῶν
1062 1251 1177 1352 τιμῶν
1197 1250 1241 1354 τῇ
1260 1251 1466 1356 προγραφῇ
1496 1253 1605 1330 τοῦδε
1632 1259 1699 1330 τοῦ
1725 1251 1833 1356 ψηφί-

459 1419 603 1484 σματος
621 1380 717 1489 πρὸς
736 1381 779 1464 τὸ
799 1385 966 1468 αἰωνίους
979 1381 1142 1490 ὑπάρξαι
1154 1384 1252 1491 αὐτῷ
1271 1380 1337 1470 τὰς
1347 1383 1437 1488 παρ’
1450 1384 1555 1486 ἡμῶν
1569 1381 1689 1484 τιμιίο.
1733 1377 1834 1462 Ἔστι

461 1515 500 1596 δὲ
534 1519 594 1597 καὶ
619 1516 778 1617 πολίτης
809 1511 959 1596 πόλεων
989 1517 1062 1596 τῶν
1091 1515 1440 1620 ὑπογεγραμμένων·
1473 1517 1742 1620 Περγαμηνῶν,
1758 1513 1833 1596 'Av-

459 1647 613 1753 τιοχίων
625 1645 847 1750 Καισαρέων
860 1645 1061 1742 Κολωνῶν,
1074 1649 1134 1726 καὶ
1147 1643 1354 1748 βουλευτὴς
1366 1649 1554 1752 Θηραίων,
1568 1651 1628 1728 καὶ
1642 1645 1835 1748 βουλευτὴς

457 1777 773 1858 Ἀπολλωνιατῶν
793 1775 939 1856 Λυκίων
958 1776 1132 1884 θρακῶν,
1163 1779 1224 1858 καὶ
1253 1774 1462 1880 βουλευτὴς
1494 1780 1711 1881 Μιλησίων,
1741 1785 1831 1862 Πεσ-

461 1914 693 2010 σινουντίων,
714 1913 1063 1992 Κλαυδιοπολιτῶν.
1120 1907 1434 2013 Ἐπιμεληθέντος
1452 1914 1526 1992 τῶν
1544 1914 1660 2011 τιμῶν
1680 1911 1835 2014 Ζήνωνος

609 2051 675 2122 τοῦ
694 2039 958 2121 Ἀπολλωνίου
977 2048 1044 2120 τοῦ
1065 2037 1289 2146 Μενάνδρου
1307 2051 1374 2124 τοῦ
1393 2045 1562 2152 ἀδελφοῦ
1582 2045 1706 2127 αὐτοῦ.

520 2255 720 2327 ’Βοοίιοιυτ
749 2252 936 2336 decretum
969 2251 1122 2328 Senatus
1153 2265 1191 2326 et
1217 2253 1349 2352 Populi
1367 2255 1686 2330 Antiochiensium
1705 2258 1783 2354 (qui
1803 2267 1833 2328 et

460 2373 591 2447 Coloni
609 2372 766 2448 Caesarei
795 2371 1042 2470 appellantur)
1061 2371 1099 2446 in
1127 2372 1302 2448 honorem
1329 2373 1523 2448 Menandri
1540 2375 1832 2474 Aphrodisiensis‚

460 2504 608 2591 propter
636 2515 714 2566 rem
740 2493 912 2590 praeclare
943 2493 989 2566 ab
1018 2493 1125 2566 eoin
1154 2493 1410 2568 certaminibus
1433 2507 1580 2594 gestam,
1598 2497 1833 2595 insignemque
1954 2573 1955 2578 ,

459 2613 537 2707 ejus
553 2612 833 2688 benivolentiam
853 2637 939 2712 erga
956 2615 1055 2688 cives
1080 2613 1299 2702 Antioohiae,
1321 2615 1455 2711 quibus
1477 2617 1567 2690 moti
1589 2615 1736 2692 decreta
1760 2618 1834 2715 ipsis

459 2733 743 2829 Imperatoribus
760 2732 886 2806 laudes
903 2733 1000 2805 illius
1017 2732 1211 2806 referentia
1227 2733 1407 2806 miserant.
1443 2734 1652 2810 Gratiarum
1670 2737 1832 2811 actionem

459 2880 580 2928 coram
606 2854 743 2930 Senatu
774 2867 812 2928 et
839 2853 980 2952 Populo
1009 2853 1362 2952 Aphrodisiensium,
1393 2865 1590 2928 statuarum
1620 2857 1833 2938 erectionem,

460 2975 656 3071 titulosque
674 2971 901 3060 honorificos,
919 2971 1106 3046 decretum
1123 2970 1296 3070 praeoipit.

532 3093 715 3192 Descripsi
739 3093 784 3168 de
802 3093 921 3192 lapide
939 3095 1003 3190 qui
1017 3093 1114 3168 basis
1131 3091 1249 3166 fuerat
1266 3104 1393 3166 statuae
1416 3091 1504 3166 dum
1522 3093 1561 3164 'ru
1578 3089 1832 3190 Aphrodisiade

458 3217 627 3288 versabar
653 3214 751 3312 apud
777 3215 949 3288 moenium
979 3225 1100 3310 partes
1130 3211 1380 3286 occidentales.
1445 3212 1530 3286 Hoc
1564 3225 1602 3286 et
1628 3213 1736 3310 paulo
1762 3223 1832 3285 ante

456 3336 693 3422 Fellowsius'‚
711 3359 760 3408 ex
774 3335 879 3430 cujus
898 3335 993 3408 libro
1019 3335 1057 3406 in
1080 3358 1186 3407 suum
1204 3331 1388 3406 transtulit
1406 3330 1615 3408 Boethius.
1654 3333 1830 3408 Lectiones

462 3455 707 3529 Fellowsianae
735 3465 838 3544 sunt;
865 3453 904 3526 in
921 3478 953 3524 v.
979 3455 1034 3524 17.
1054 3458 1124 3544 ΤΕ,
1143 3448 1240 3523 unde
1265 3448 1402 3525 B'ockh.
1420 3454 1624 3524 ΑΛΛΟΤΕ.
1682 3453 1724 3526 In
1741 3475 1770 3523 v.
1787 3451 1834 3522 24.

463 3575 522 3648 fin.
549 3579 731 3649 ΤΟΝΕΝ.
793 3569 949 3646 Bcckhii
976 3570 1227 3667 supplemento
1256 3567 1365 3640 fidem
1395 3565 1481 3641 facit
1508 3567 1609 3664 quod
1633 3567 1740 3644 ineo
1767 3570 1835 3644 loco

464 3695 645 3790 descripsi.
716 3693 760 3766 In
796 3695 853 3765 25.
885 3718 911 3764 s.
944 3697 1140 3766 ΝΟΑΕΙΝ.
1211 3691 1351 3764 Locum
1384 3703 1607 3789 praeruptum
1637 3693 1731 3768 siooo
1755 3689 1834 3790 pede

463 3818 592 3892 transit
617 3815 766 3902 B'ockh„
795 3829 837 3888 ut
866 3827 903 3888 et
933 3815 1416 3888 veterascentem.
1448 3817 1548 3886 .Το
1577 3863 1587 3885 .
1617 3865 1628 3886 .
1658 3867 1668 3886 .
1702 3816 1830 3886 .ΑΤΑ.

464 3937 746 4012 Instaurationes
770 3933 908 4008 tentavi
925 3931 963 4006 iu
980 3933 1049 4006 hac
1065 3945 1166 4030 purte
1184 3932 1248 4006 ubi
1270 3931 1480 4030 gravissima
1502 3955 1711 4029 perpessum
1734 3931 1835 4006 luent

463 4077 629 4128 marmor.

508 4293 520 4326 ¹
533 4287 712 4346 Discoreries
723 4286 754 4344 in
765 4283 862 4366 Lycia,
877 4304 904 4362 p.
914 4283 981 4354 307,
996 4283 1042 4342 tit
1054 4285 1100 4342 21.
1221 4289 1230 4318 ⁵
1247 4285 1277 4342 C.
1290 4283 1313 4342 l.
1329 4283 1429 4344 volu.
1443 4304 1471 4362 p.
1485 4287 1568 4344 1114.
1583 4306 1611 4344 n.
1621 4289 1674 4346 281
1684 4283 1707 4345 l.
1722 4287 1743 4344 t.
