4004 5264
753 563 1013 630 PRAEFATIO.
1563 573 1582 634 3

266 753 403 826 Eadem
435 753 481 825 de
507 753 700 827 Trallianis
728 753 891 838 dicenda,
923 754 1126 848 ceterisque
1153 755 1246 827 bene
1275 755 1398 828 multis
1420 757 1582 852 ejusdem

189 893 355 990 regionis,
372 915 515 964 necnon
532 893 660 991 Mysiis
678 905 715 966 et
732 891 902 992 Phrygiis
930 919 1036 990 quam
1062 895 1237 992 plurimis.
1291 893 1465 989 Quaedam
1483 923 1580 986 vero,

189 1033 226 1106 ni
242 1031 356 1118 fallor,
370 1033 594 1130 excipienda.
624 1035 849 1128 Quibusdam
863 1037 1037 1110 hactenus
1051 1037 1088 1109 iu
1102 1037 1265 1134 repertis,
1278 1037 1413 1111 rectius
1428 1037 1580 1110 sortasse

189 1174 344 1248 dixerim
371 1173 527 1261 ineditis,
545 1199 603 1248 me
630 1175 799 1249 incidisse
827 1199 910 1248 reor
936 1176 996 1249 vel
1022 1175 1061 1247 in
1087 1175 1188 1248 hisee
1219 1176 1393 1249 tractibus
1424 1199 1579 1271 quorum

188 1329 420 1390 monumenta
435 1341 502 1414 per
519 1316 694 1390 ducentos
712 1327 939 1390 trecentosve
957 1339 1069 1387 annos
1083 1313 1221 1412 jugiter
1246 1314 1338 1388 adeo
1365 1318 1580 1412 perscrutati

189 1473 271 1530 sunt
297 1457 568 1555 peregrinantes
595 1469 638 1530 ut
664 1455 868 1530 mirandum
895 1455 1015 1553 potius
1038 1455 1133 1529 foret
1157 1480 1264 1552 quam
1294 1459 1577 1555 exspectandum

189 1599 264 1672 fieri
289 1622 395 1697 posse
420 1611 463 1672 ut
488 1599 570 1693 quis
588 1622 607 1671 e
625 1597 766 1672 tumulo
792 1597 913 1671 arcani
939 1596 1077 1693 aliquid
1106 1612 1169 1672 aut
1195 1596 1348 1671 inauditi
1378 1611 1577 1694 expromat.

190 1739 260 1814 Sed
278 1741 317 1812 in
333 1740 450 1838 plagis
462 1740 647 1814 Aulouem
658 1764 784 1813 versus
797 1740 972 1838 porrectis
990 1740 1138 1814 uberior
1155 1765 1256 1837 seges
1274 1738 1392 1811 adhue
1410 1735 1578 1810 metenda

187 1887 306 1961 restat,
326 1875 483 1951 Cilicum
501 1875 594 1962 dioc,
612 1876 826 1963 Pisidarum,
844 1875 1150 1974 Pamphyliorum‚
1168 1899 1323 1972 quorum
1351 1875 1454 1947 sedes
1481 1874 1578 1947 illus·

188 2022 315 2094 trieres
333 2031 396 2093 aut
412 2043 539 2117 parum
553 2019 707 2118 cognitae
719 2019 900 2106 videntur,
913 2032 975 2093 aut
988 2018 1109 2093 studio
1121 2019 1356 2093 incuriosiore
1371 2018 1575 2114 exploratae.

188 2163 247 2234 Ex
273 2159 390 2234 titulis
419 2160 457 2234 in
484 2159 541 2232 his
570 2159 780 2258 regionibus
807 2159 1023 2256 comparatis
1050 2157 1157 2232 tertia
1188 2155 1264 2230 fere
1298 2179 1381 2253 pars
1415 2153 1577 2228 fasciculi

186 2299 409 2397 insequentis
431 2297 618 2391 conflatur,
635 2321 791 2393 quorum
819 2297 1026 2395 apographa
1052 2323 1101 2370 ex
1125 2297 1363 2371 marmoribus
1384 2298 1471 2394 ipsis
1494 2322 1572 2370 con·

186 2439 278 2514 fecta
299 2439 418 2513 habeo
434 2463 478 2512 ea
494 2463 575 2535 quae
603 2441 816 2537 suppetebat
832 2464 920 2513 cura
936 2453 974 2513 et
990 2440 1150 2513 sollertia
1167 2463 1248 2535 quae
1269 2439 1308 2511 in
1328 2438 1454 2535 primis
1480 2438 1576 2510 inter

186 2593 340 2678 stragem
374 2581 712 2678 prolapsionemque
746 2593 1062 2655 monimentorum
1097 2603 1323 2677 summopere
1359 2590 1443 2651 sunt
1477 2575 1574 2650 adhi-

185 2717 322 2792 bendae.
357 2719 403 2791 In
419 2718 487 2792 hac
497 2731 598 2816 parte
613 2721 732 2816 operis
743 2721 940 2818 plurimum
951 2745 1009 2794 me
1025 2719 1157 2794 debere
1170 2719 1385 2819 apographis
1402 2719 1576 2817 profiteor

185 2882 265 2952 quae
292 2857 550 2933 humanissime
578 2884 721 2933 mecum
748 2861 1030 2935 communicavit
1056 2862 1240 2935 Henrious
1263 2861 1303 2932 P.
1316 2860 1525 2946 Borrellius,
1555 2885 1574 2932 e

184 2995 469 3092 negotiatoribus
479 2993 614 3093 Anglis
631 2995 728 3092 apud
742 2995 989 3096 Smyrnenses,
1006 2997 1083 3093 ipse
1100 2996 1324 3092 antiquitatis
1338 3021 1420 3092 quae
1438 2996 1484 3069 ad
1496 3021 1574 3070 rem

184 3133 467 3207 nomismaticam
487 3146 625 3231 spectat
634 3135 748 3208 instar
758 3137 920 3208 omnium
937 3137 1085 3233 peritus,
1097 3148 1134 3210 et
1145 3137 1355 3213 Graecarum
1371 3137 1573 3210 litterarum

185 3272 456 3348 amantissimus
509 3275 640 3347 Museo
656 3274 766 3371 hujus
783 3274 854 3348 viri
876 3275 1002 3348 eximii
1027 3275 1182 3373 plurima
1201 3275 1327 3348 insunt
1342 3289 1575 3349 monumenta

185 3437 233 3484 ex
250 3410 405 3484 diversis
422 3409 569 3486 sedibus
587 3412 688 3485 Asiae
708 3413 897 3512 Smyrnam
914 3412 1065 3487 advecta
1082 3437 1236 3509 quorum
1253 3413 1433 3512 permulta
1449 3414 1573 3488 titulos

185 3551 322 3625 habeut
337 3549 546 3648 insculptos,
563 3549 728 3645 quaedam
747 3549 950 3651 anaglypha
966 3553 1063 3626 varie
1092 3565 1224 3626 oruata.
1277 3552 1439 3626 Libellos
1465 3555 1573 3651 potis-

185 3693 275 3764 sima
290 3690 420 3764 horum
444 3689 654 3788 complexos
680 3713 861 3785 manuque
889 3691 1035 3788 propria
1051 3691 1251 3790 descriptos
1267 3716 1383 3789 nuper
1406 3691 1504 3779 mihi,
1531 3705 1573 3765 ut

185 3830 370 3930 ingenium
394 3853 516 3904 meum
536 3841 574 3903 et
593 3829 790 3929 (quatenus
807 3830 944 3928 valeat)
963 3831 1165 3905 doctrinam
1192 3832 1230 3904 in
1253 3832 1297 3904 iis
1314 3829 1571 3904 concinnandis

184 3973 367 4059 collocem,
384 3974 610 4048 transmissos
633 3974 760 4062 habeo,
778 3999 933 4071 quorum
962 3975 1252 4074 praecellentibus
1281 3971 1395 4070 copiis
1416 3981 1571 4067 pertrac-

184 4113 300 4188 tandis
327 4111 528 4186 identidem
549 4127 586 4187 et
611 4115 838 4212 expoliendis
862 4115 952 4188 mihi
974 4114 1153 4188 inanimo
1180 4125 1236 4186 est
1264 4122 1306 4186 ut
1329 4109 1443 4184 otium
1471 4106 1571 4204 quod

182 4255 270 4328 mihi
286 4252 474 4351 contingat
489 4253 676 4328 insumam.

255 4392 444 4466 Hactenus
471 4391 518 4467 de
548 4391 724 4467 subsidiis.
790 4395 912 4467 Pauca
938 4393 984 4468 de
1012 4391 1153 4466 sedium
1183 4389 1419 4491 singularium
1446 4410 1569 4460 monu-

845 4535 900 4596 aa
