3952 5238
426 583 506 648 2641
827 580 1176 649 INSCRIPTIONES
1198 581 1389 650 GRAECAE.
1573 585 1694 673 [moon.
1707 606 1804 652 οισι.

427 777 482 880 Γῇ
514 772 687 880 σωτείρᾳ,
717 777 778 854 καὶ
808 775 860 881 τῷ
888 775 1054 882 μεγίστῳ
1084 777 1144 855 καὶ
1176 771 1352 882 θειοτάτῳ
1375 775 1488 882 κυρίῳ
1520 777 1624 878 ἡμῶν
1657 826 1670 838 .
1703 825 1717 839 .
1748 825 1761 839 .
1792 827 1803 839 .

426 906 588 1013 Τιβερίῳ
607 943 641 987 κ.
661 943 694 988 τ.
715 919 754 986 λ.

500 1119 731 1216 Descriptnm
748 1119 860 1194 habui
877 1119 946 1194 hoc
962 1118 1201 1217 fragmentum
1226 1118 1272 1192 de
1294 1119 1387 1193 cella
1411 1119 1539 1218 templi
1557 1145 1666 1220 supra
1683 1145 1808 1194 memo

426 1245 495 1318 rati
512 1245 550 1316 in
570 1267 706 1341 argum.
731 1243 785 1318 tit
803 1266 899 1319 σιντ.
950 1242 1216 1340 Benignitatem
1235 1243 1460 1341 imperatoris
1487 1244 1658 1340 (Tiberii,
1682 1244 1806 1341 credo)

428 1366 465 1437 in
482 1365 579 1437 cives
597 1363 899 1436 commemorabat
915 1361 1046 1449 tabula,
1073 1360 1172 1456 quod
1188 1361 1396 1438 historicam
1421 1361 1531 1437 fidem
1554 1387 1678 1438 secum
1696 1363 1807 1438 trahit

502 1481 623 1558 Video
652 1483 690 1555 in
716 1482 811 1556 libro
836 1482 1089 1555 Fellowsiano‘
1119 1481 1331 1578 particulam
1363 1487 1531 1570 ΙΒΕΡΝ,
1559 1507 1668 1558 versu
1698 1485 1808 1581 primo

427 1606 571 1702 penitus
587 1605 727 1692 omisso
745 1605 845 1700 quod
863 1605 980 1678 miror.

998 1908 1247 1982 TRIANDA.

1007 2083 1179 2160 CCLIX.
1207 2109 1239 2158 a

822 2270 1378 2341 ΤΟΥΤΟΤΟΗΡΟΟΝΚΑΤΕΕ

824 2383 1412 2453 ΑΕΕΝΑΥΡΗΛΙΟΕΝΕΙΚΗΤΗΕ

826 2495 1425 2565 ΕΥΤῪΧΟΥΑΥΤΟΚΑΙΓΥΝΑΙΚΙ

821 2607 1389 2678 ΑΥΤΟΥΚΑΙΤΕΚΝΟΙΕΚΑΙΕΓ
1390 2607 1452 2676 ΓΟ

740 2720 773 2789 5.
826 2718 1461 2791 ΝΟΙΕΚΑΙΘΡΕΜΜΑΕΙΝΑΥΤΟΝ

826 2832 1506 2903 ΕΙΔΕΤΙΕΠΑΡΑΤΟΥΙΖΓΕΓΡΑΜΜΕ

826 2944 1533 3019 ΝΟΥΙΖΒΙΑΕΗΤΑΙΘΗΙΞΕΙΤΟΤΑΜΙΟ

512 3143 634 3218 Τοῦτο
653 3133 695 3218 τὸ
711 3137 833 3243 ἡρῷον
847 3129 1123 3216 κατεσκεύασεν
1142 3132 1330 3238 Αὐρήλιος
1343 3131 1507 3235 Νικητὴς
1526 3131 1698 3243 Εὐτύχου
1717 3137 1807 3242 αὐτῷ

429 3273 489 3349 καὶ
507 3272 652 3373 γυναικὶ
671 3269 784 3348 αὐτοῦ
803 3269 864 3348 καὶ
882 3267 1023 3350 τέκνοις
1043 3265 1102 3346 καί
1127 3261 1295 3368 ἐγγόνοις
1315 3265 1374 3345 καί
1395 3264 1606 3368 θρέμμασιν
1626 3266 1759 3349 αὐτῶν·
1780 3274 1806 3346 εἱ

431 3403 475 3482 δέ
507 3437 561 3486 τις
609 3399 711 3504 παρὰ
748 3395 834 3485 τοὺς
873 3397 1150 3502 γεγραμμένους
1190 3394 1384 3498 βιάσηται,
1428 3396 1537 3499 θήσει
1588 3402 1639 3506 τῴ
1679 3403 1808 3505 ταμείῳ

431 3533 597 3638 δηνάρια,
612 3568 645 3613 κ.
668 3569 700 3613 τ.
716 3545 754 3612 λ.

504 3768 710 3841 Accenseas
727 3766 841 3840 titulis
859 3765 992 3840 Ionicis
1004 3791 1062 3864 pp.
1083 3769 1164 3839 102.
1185 3789 1230 3838 ss.
1250 3762 1470 3860 descriptum
1495 3761 1593 3860 apud
1617 3761 1807 3836 Triandam

430 3890 468 3960 in
489 3889 617 3961 itinere
641 3913 662 3961 a
687 3886 840 3986 Smyrna
865 3883 912 3958 ad
937 3883 1133 3982 Ephesum.
1177 3882 1286 3979 Lapis
1312 3880 1431 3955 fuerat
1446 3881 1569 3954 illatus
1585 3881 1624 3954 in
1641 3882 1807 3978 parietem

430 4009 577 4107 hospitii
594 4006 778 4082 demarchi
797 4005 955 4100 Tmcici,
981 4003 1149 4082 Solimon
1174 4000 1291 4102 Αρίιο.
1342 4001 1522 4075 Notabilis
1549 4015 1605 4074 est
1627 3999 1808 4098 inscriptio

431 4132 478 4204 ob
494 4135 530 4205 0
547 4141 752 4203 constanter
766 4127 938 4224 scriptum
956 4149 1022 4224 pro
1039 4131 1086 4220 n,
1104 4136 1141 4198 et
1158 4123 1315 4222 speciem
1331 4121 1513 4196 insolitam
1529 4121 1583 4195 lit.
1601 4125 1639 4195 B.
1651 4122 1690 4196 in
1704 4147 1738 4194 v.
1755 4123 1785 4192 7.

840 4379 852 4418 l
875 4373 941 4432 ltin.
956 4373 1041 4450 prim.
1056 4391 1108 4449 per
1122 4372 1223 4430 Asiam
1232 4372 1301 4430 min.
1315 4391 1342 4448 p.
1352 4369 1418 4432 256.
