3992 5240
441 565 502 630 150
844 555 1195 625 INSGRIPTIONES
1217 553 1707 638 GRAECAE.[1usoa.or.xvm.,
1728 574 1832 620 curin.

539 765 570 834 5.
614 751 779 854 Μηΐονες
799 749 957 855 Μάρκος
977 752 1037 829 καὶ
1058 749 1205 844 Νείκυς,
1225 752 1263 828 οἱ
1283 747 1327 827 δέ
1342 781 1381 828 τε
1401 743 1547 848 μάμμαι

704 887 902 986 Τιμογενὶς
923 885 983 963 καὶ
1001 879 1121 987 Τύχη,
1142 877 1211 982 τὴν
1230 881 1388 984 ἔγγονον
1408 879 1478 960 ε’τί·

704 1017 834 1121 μησάν
852 1055 892 1101 τε
910 1017 979 1120 μὲν
998 1015 1044 1120 ἣν
1064 1019 1200 1099 οὔποτε
1219 1017 1369 1118 ἤλπισα
1388 1013 1508 1118 τιμήν.

847 1146 985 1240 'Erotis
1004 1147 1104 1250 σςό,
1123 1149 1239 1254 μηνὸς
1258 1151 1366 1232 Δίου.

521 1325 685 1400 Titulum
712 1325 824 1399 habui
841 1324 887 1399 de
904 1351 1080 1400 marmore
1104 1326 1142 1398 in
1160 1325 1269 1400 domo
1288 1323 1451 1421 ejusdem
1469 1325 1590 1400 Graeoi
1606 1327 1713 1422 eujus
1739 1348 1830 1398 men·

446 1446 581 1519 tionem
606 1444 677 1518 feci
703 1446 742 1520 in
769 1471 904 1544 argum.
930 1447 984 1520 tit.
1004 1470 1129 1522 onxm.
1159 1472 1205 1520 sc.
1228 1445 1324 1520 Ettae
1339 1445 1448 1523 Saoce
1463 1445 1665 1546 deropld.
1728 1445 1830 1522 Stetit

446 1589 554 1662 supra
570 1563 823 1664 anaglyphum,
837 1589 967 1662 nempe
984 1565 1204 1638 vestibulum
1223 1564 1349 1661 tempii
1365 1565 1404 1638 in
1421 1589 1495 1661 quo
1512 1565 1674 1638 cernitur
1690 1565 1828 1664 virgun-

445 1687 528 1761 oula
544 1685 675 1760 dextra
697 1711 807 1760 manu
823 1684 1035 1759 fasciculum
1053 1683 1283 1757 flosculorum
1300 1683 1538 1780 praetendens,
1562 1683 1654 1758 laeva
1670 1684 1829 1757 velamen

445 1808 597 1881 linteum
615 1808 674 1881 vel
702 1807 894 1881 sudarium.
945 1807 1113 1880 Dixerim
1131 1819 1213 1879 ante
1232 1805 1356 1878 oculos
1372 1831 1439 1878 nos
1456 1807 1608 1904 positam
1625 1805 1759 1880 habere
1777 1804 1829 1877 de-

448 1925 664 2000 dicationem
694 1923 834 1997 numini
857 1923 999 2010 adium,
1016 1923 1200 2022 putafiliae
1216 1925 1295 2019 ejus
1312 1949 1334 1996 a
1350 1922 1554 1998 Paederote¹
1574 1925 1626 2025 (v.
1640 1923 1696 2023 5.)
1750 1926 1829 1997 Huc

446 2046 645 2144 respiciunt
670 2044 821 2118 fortasse
848 2046 960 2118 verba
985 2046 1024 2118 in
1053 2049 1084 2118 5.
1103 2071 1129 2120 s.
1158 2050 1738 2119 ΝΕΟΤΗΤΑ-ΕΝΕΓΡΑΨΕΝ.
1795 2041 1829 2117 Si

444 2167 515 2241 hoc
531 2167 650 2240 minus
667 2166 833 2253 arrideat,
850 2167 996 2240 titulum
1026 2167 1064 2239 iu
1091 2191 1242 2240 numero
1270 2167 1523 2263 sepulcraiium
1546 2191 1612 2264 per
1627 2191 1685 2238 me
1703 2165 1829 2240 referas

444 2288 548 2378 licet;
575 2300 668 2361 stare
685 2287 723 2360 in
740 2301 976 2362 monumento
993 2290 1181 2387 virginem,
1207 2290 1310 2384 cnjus
1336 2287 1411 2362 fato
1430 2289 1622 2362 immaturo
1649 2301 1829 2386 praerepta

445 2413 596 2486 sormam
614 2414 863 2510 repraesentari
882 2409 1154 2513 (ἐγγραφῆναι)
1173 2427 1387 2488 curaverant
1402 2416 1607 2514 propinqui.

523 2534 684 2632 Tempus
711 2533 883 2609 definitur
904 2561 958 2609 an.
977 2539 1060 2610 299.
1078 2561 1188 2611 mens.
1208 2537 1310 2634 prim.
1329 2561 1469 2635 nempe,
1495 2535 1534 2610 in
1565 2535 1724 2610 seeundo
1742 2559 1829 2610 anno

446 2651 656 2750 imperantis
675 2652 833 2728 Gothioi.

521 2767 648 2842 Edidit
665 2768 860 2844 Bdokhius¹
879 2770 917 2843 in
934 2769 1064 2843 litteris
1082 2772 1283 2846 communis
1305 2771 1431 2845 sormae
1448 2797 1496 2846 ex
1513 2797 1622 2870 opere
1636 2773 1829 2871 Keppeltr.

446 2889 577 2964 Habeo
593 2903 725 2986 praeter
745 2914 866 2964 meum
884 2903 921 2964 et
937 2889 1184 2988 apographum
1207 2891 1423 2964 aBorrellio
1446 2891 1603 2978 missum,
1621 2892 1660 2964 in
1682 2917 1756 2988 quo
1777 2915 1831 2964 no

447 3009 557 3084 tanda
572 3009 724 3083 veniunt
740 3015 910 3086 ΧΑΙΡΟΣ
930 3011 968 3084 in
986 3035 1018 3084 v.
1039 3015 1069 3084 1.
1086 3016 1539 3088 ΤΕΜΟΓΕΝΙΣΚΑΦΥΧΗ
1561 3014 1618 3111 (et
1636 3010 1783 3109 ΠΥΧΗ)
1799 3011 1833 3083 in

448 3147 480 3218 9.
508 3147 709 3218 ΕΠΟΝΟΝ
728 3143 767 3216 in
786 3146 841 3218 10.
895 3141 1059 3218 Admisit
1085 3143 1285 3240 Keppelius
1309 3143 1348 3216 in
1371 3169 1405 3216 v.
1430 3146 1464 3217 2.
1484 3133 1725 3230 εἰσάκουσον,
1744 3145 1783 3218 in
1802 3144 1830 3215 9.

448 3257 573 3366 Ψυχή,
590 3270 630 3343 in
649 3271 696 3344 lo
724 3260 810 3361 ἔμεν
828 3253 886 3362 ἥν.
938 3267 1055 3340 Porro
1072 3291 1198 3340 versus
1216 3268 1335 3342 minus
1352 3281 1517 3344 aestuate
1535 3267 1725 3344 ordinavit.

1027 3499 1206 3576 CLXIX.
1233 3501 1268 3576 h.

977 3685 1333 3778 mosmomttttr

969 3797 1322 3890 diormttxtror

980 3899 1267 4032 xttdttsttz

969 4009 1255 4152 tnpmzozu

486 4233 636 4290 l‘Nomen
662 4233 726 4290 obv.
750 4233 828 4290 inter
847 4230 993 4308 Ephesius
1019 4231 1122 4309 Sponii
1212 4232 1306 4290 ¹Vol.
1316 4249 1346 4291 u
1360 4251 1388 4310 p.
1399 4235 1465 4293 808.
1480 4252 1508 4292 n.
1520 4235 1606 4294 3440.

445 4330 693 4390 attentatum
706 4339 767 4391 not.
782 4332 830 4390 tit.
845 4328 931 4392 3006.
1210 4336 1230 4366 ¹¹¹
1243 4331 1312 4388 ltin.
1323 4339 1433 4390 tamn.
1447 4351 1476 4410 p.
1484 4335 1551 4392 353.
1566 4351 1595 4390 n.
1605 4331 1633 4397 7.
