<?xml version="1.0" encoding="UTF-8"?>
<!DOCTYPE html PUBLIC "-//W3C//DTD XHTML 1.0 Transitional//EN"
    "http://www.w3.org/TR/xhtml1/DTD/xhtml1-transitional.dtd">
<html xmlns="http://www.w3.org/1999/xhtml" xml:lang="en" lang="en">
 <head>
  <title>
</title>
<meta http-equiv="Content-Type" content="text/html;charset=utf-8" />
  <meta name='ocr-system' content='tesseract 3.04.00' />
  <meta name='ocr-capabilities' content='ocr_page ocr_carea ocr_par ocr_line ocrx_word'/>
</head>
<body>
  <div class='ocr_page' id='page_1' title='image "./fasciculusinscr01kenngoog_0360.png"; bbox 0 0 3952 5238; ppageno 0'>
   <div class='ocr_carea' id='block_1_1' title="bbox 186 557 1576 652">
    <p class='ocr_par' dir='ltr' id='par_1_1' title="bbox 186 557 1576 652">
     <span class='ocr_line' id='line_1_1' title="bbox 186 557 1576 652; baseline 0.001 -29"><span class='ocrx_word' id='word_1_1' title='bbox 186 578 288 624; x_wconf 83' lang='lat' dir='ltr'><strong>rrsoa.</strong></span> <span class='ocrx_word' id='word_1_2' title='bbox 305 558 495 652; x_wconf 69' lang='lat' dir='ltr'><strong>orn—orn]</strong></span> <span class='ocrx_word' id='word_1_3' title='bbox 783 557 984 624; x_wconf 86' lang='lat' dir='ltr'>MYLASA.</span> <span class='ocrx_word' id='word_1_4' title='bbox 1517 563 1576 625; x_wconf 83' lang='lat'><strong>341</strong></span> 
     </span>
    </p>
   </div>
   <div class='ocr_carea' id='block_1_2' title="bbox 193 738 1582 832">
    <p class='ocr_par' dir='ltr' id='par_1_2' title="bbox 193 738 1582 832">
     <span class='ocr_line' id='line_1_2' title="bbox 193 738 1582 832; baseline -0.001 -22"><span class='ocrx_word' id='word_1_5' title='bbox 193 743 331 820; x_wconf 52' lang='lat' dir='ltr'><strong>mutem</strong></span> <span class='ocrx_word' id='word_1_6' title='bbox 353 743 417 808; x_wconf 86' lang='lat' dir='ltr'><strong>vid.</strong></span> <span class='ocrx_word' id='word_1_7' title='bbox 435 758 529 807; x_wconf 90' lang='lat' dir='ltr'><strong>nostr.</strong></span> <span class='ocrx_word' id='word_1_8' title='bbox 545 763 610 808; x_wconf 88' lang='lat' dir='ltr'><strong>cvr.</strong></span> <span class='ocrx_word' id='word_1_9' title='bbox 628 741 699 806; x_wconf 91' lang='lat' dir='ltr'><strong>infr.</strong></span> <span class='ocrx_word' id='word_1_10' title='bbox 745 742 795 808; x_wconf 93' lang='lat' dir='ltr'><strong>De</strong></span> <span class='ocrx_word' id='word_1_11' title='bbox 815 742 990 832; x_wconf 88' lang='lat' dir='ltr'><strong>fragmento</strong></span> <span class='ocrx_word' id='word_1_12' title='bbox 1014 738 1140 806; x_wconf 91' lang='grc' dir='ltr'>ΝΥΛΑ</span> <span class='ocrx_word' id='word_1_13' title='bbox 1162 743 1213 808; x_wconf 80' lang='grc' dir='ltr'>ναί</span> <span class='ocrx_word' id='word_1_14' title='bbox 1237 739 1362 806; x_wconf 89' lang='grc' dir='ltr'>ΝΥΛΛ</span> <span class='ocrx_word' id='word_1_15' title='bbox 1384 743 1417 808; x_wconf 91' lang='lat' dir='ltr'><strong>in</strong></span> <span class='ocrx_word' id='word_1_16' title='bbox 1433 743 1582 831; x_wconf 80' lang='lat' dir='ltr'><strong>ordines</strong></span> 
     </span>
    </p>
   </div>
   <div class='ocr_carea' id='block_1_3' title="bbox 186 851 1577 1030">
    <p class='ocr_par' dir='ltr' id='par_1_3' title="bbox 186 851 1577 1030">
     <span class='ocr_line' id='line_1_3' title="bbox 186 851 1577 944; baseline -0.003 -20"><span class='ocrx_word' id='word_1_17' title='bbox 186 859 396 944; x_wconf 89' lang='lat' dir='ltr'><strong>conjecturam</strong></span> <span class='ocrx_word' id='word_1_18' title='bbox 418 857 479 922; x_wconf 89' lang='lat' dir='ltr'><strong>feci</strong></span> <span class='ocrx_word' id='word_1_19' title='bbox 501 857 535 920; x_wconf 89' lang='lat' dir='ltr'><strong>iu</strong></span> <span class='ocrx_word' id='word_1_20' title='bbox 549 855 627 922; x_wconf 89' lang='lat' dir='ltr'><strong>VV.</strong></span> <span class='ocrx_word' id='word_1_21' title='bbox 643 854 711 920; x_wconf 90' lang='lat' dir='ltr'><strong>LL.</strong></span> <span class='ocrx_word' id='word_1_22' title='bbox 769 855 955 921; x_wconf 87' lang='lat' dir='ltr'><strong>Restitueris</strong></span> <span class='ocrx_word' id='word_1_23' title='bbox 981 855 1108 920; x_wconf 88' lang='lat' dir='ltr'><strong>fortasse</strong></span> <span class='ocrx_word' id='word_1_24' title='bbox 1131 851 1428 932; x_wconf 83' lang='grc' dir='ltr'>ΧΑΡΜΥΛΛΟΥ,</span> <span class='ocrx_word' id='word_1_25' title='bbox 1452 855 1577 940; x_wconf 89' lang='lat' dir='ltr'><strong>dequo</strong></span> 
     </span>
     <span class='ocr_line' id='line_1_4' title="bbox 188 961 560 1030; baseline -0.011 -1"><span class='ocrx_word' id='word_1_26' title='bbox 188 962 268 1030; x_wconf 90' lang='lat' dir='ltr'><strong>conf.</strong></span> <span class='ocrx_word' id='word_1_27' title='bbox 283 961 407 1028; x_wconf 74' lang='lat' dir='ltr'><strong>Btokh.</strong></span> <span class='ocrx_word' id='word_1_28' title='bbox 424 985 455 1026; x_wconf 91' lang='lat' dir='ltr'><strong>n.</strong></span> <span class='ocrx_word' id='word_1_29' title='bbox 466 961 560 1026; x_wconf 74' lang='lat'>2656.</span> 
     </span>
    </p>
   </div>
   <div class='ocr_carea' id='block_1_4' title="bbox 868 1112 940 1178">
    <p class='ocr_par' dir='ltr' id='par_1_4' title="bbox 868 1112 940 1178">
     <span class='ocr_line' id='line_1_5' title="bbox 868 1112 940 1178; baseline -0.014 0"><span class='ocrx_word' id='word_1_30' title='bbox 868 1112 940 1178; x_wconf 83' lang='lat' dir='ltr'><strong>CV.</strong></span> 
     </span>
    </p>
   </div>
   <div class='ocr_carea' id='block_1_5' title="bbox 185 1253 1581 3148">
    <p class='ocr_par' dir='ltr' id='par_1_5' title="bbox 185 1253 1581 2176">
     <span class='ocr_line' id='line_1_6' title="bbox 253 1253 1578 1347; baseline -0.005 -17"><span class='ocrx_word' id='word_1_31' title='bbox 253 1261 490 1338; x_wconf 79' lang='grc' dir='ltr'>Μαίσσωλλας.</span> <span class='ocrx_word' id='word_1_32' title='bbox 524 1257 750 1347; x_wconf 88' lang='lat' dir='ltr'><strong>Distinguendi</strong></span> <span class='ocrx_word' id='word_1_33' title='bbox 764 1271 838 1322; x_wconf 90' lang='lat' dir='ltr'><strong>sunt</strong></span> <span class='ocrx_word' id='word_1_34' title='bbox 852 1257 891 1322; x_wconf 93' lang='lat' dir='ltr'><strong>ab</strong></span> <span class='ocrx_word' id='word_1_35' title='bbox 905 1253 1042 1322; x_wconf 89' lang='lat' dir='ltr'><strong>invicem</strong></span> <span class='ocrx_word' id='word_1_36' title='bbox 1058 1256 1230 1323; x_wconf 88' lang='lat' dir='ltr'><strong>Maussolli.</strong></span> <span class='ocrx_word' id='word_1_37' title='bbox 1276 1258 1447 1344; x_wconf 83' lang='lat' dir='ltr'>Antiquior</span> <span class='ocrx_word' id='word_1_38' title='bbox 1461 1283 1578 1324; x_wconf 87' lang='lat' dir='ltr'><strong>memo-</strong></span> 
     </span>
     <span class='ocr_line' id='line_1_7' title="bbox 189 1360 1579 1455; baseline 0.001 -25"><span class='ocrx_word' id='word_1_39' title='bbox 189 1381 274 1430; x_wconf 88' lang='lat' dir='ltr'><strong>ratur</strong></span> <span class='ocrx_word' id='word_1_40' title='bbox 288 1367 328 1432; x_wconf 89' lang='lat' dir='ltr'><strong>ab</strong></span> <span class='ocrx_word' id='word_1_41' title='bbox 340 1364 513 1440; x_wconf 83' lang='lat' dir='ltr'><strong>Herodoto,</strong></span> <span class='ocrx_word' id='word_1_42' title='bbox 529 1362 727 1450; x_wconf 85' lang='lat' dir='ltr'><strong>Oindyensis‚</strong></span> <span class='ocrx_word' id='word_1_43' title='bbox 743 1361 833 1446; x_wconf 86' lang='lat' dir='ltr'><strong>eujus</strong></span> <span class='ocrx_word' id='word_1_44' title='bbox 857 1360 940 1426; x_wconf 85' lang='lat' dir='ltr'><strong>filius</strong></span> <span class='ocrx_word' id='word_1_45' title='bbox 955 1360 1132 1428; x_wconf 78' lang='lat' dir='ltr'><strong>Pixodarus</strong></span> <span class='ocrx_word' id='word_1_46' title='bbox 1157 1363 1279 1429; x_wconf 89' lang='lat' dir='ltr'><strong>obstitit</strong></span> <span class='ocrx_word' id='word_1_47' title='bbox 1301 1366 1414 1445; x_wconf 89' lang='lat' dir='ltr'><strong>Persis,</strong></span> <span class='ocrx_word' id='word_1_48' title='bbox 1429 1381 1579 1455; x_wconf 82' lang='lat' dir='ltr'>regnante</span> 
     </span>
     <span class='ocr_line' id='line_1_8' title="bbox 187 1466 1577 1559; baseline 0.001 -24"><span class='ocrx_word' id='word_1_49' title='bbox 187 1471 285 1537; x_wconf 85' lang='lat' dir='ltr'><strong>Dario</strong></span> <span class='ocrx_word' id='word_1_50' title='bbox 297 1469 463 1559; x_wconf 71' lang='lat' dir='ltr'>Hystaspis</span> <span class='ocrx_word' id='word_1_51' title='bbox 472 1469 560 1536; x_wconf 71' lang='lat' dir='ltr'><strong>filie.</strong></span> <span class='ocrx_word' id='word_1_52' title='bbox 588 1468 723 1544; x_wconf 85' lang='lat' dir='ltr'><strong>Deinde,</strong></span> <span class='ocrx_word' id='word_1_53' title='bbox 734 1466 845 1532; x_wconf 90' lang='lat' dir='ltr'><strong>eodem</strong></span> <span class='ocrx_word' id='word_1_54' title='bbox 854 1481 1015 1555; x_wconf 80' lang='lat' dir='ltr'><strong>regnante,</strong></span> <span class='ocrx_word' id='word_1_55' title='bbox 1031 1467 1093 1532; x_wconf 91' lang='lat' dir='ltr'><strong>fuit</strong></span> <span class='ocrx_word' id='word_1_56' title='bbox 1103 1469 1229 1558; x_wconf 91' lang='lat' dir='ltr'><strong>regulus</strong></span> <span class='ocrx_word' id='word_1_57' title='bbox 1239 1471 1339 1537; x_wconf 81' lang='lat' dir='ltr'><strong>Cariae</strong></span> <span class='ocrx_word' id='word_1_58' title='bbox 1352 1472 1539 1538; x_wconf 86' lang='lat' dir='ltr'><strong>Maussollus</strong></span> <span class='ocrx_word' id='word_1_59' title='bbox 1551 1473 1577 1537; x_wconf 91' lang='grc' dir='ltr'><strong>Ι.</strong></span> 
     </span>
     <span class='ocr_line' id='line_1_9' title="bbox 186 1573 1578 1666; baseline 0.002 -24"><span class='ocrx_word' id='word_1_60' title='bbox 186 1578 383 1643; x_wconf 79' lang='lat' dir='ltr'>Postremum</span> <span class='ocrx_word' id='word_1_61' title='bbox 419 1574 607 1640; x_wconf 88' lang='lat' dir='ltr'><strong>Maussollus</strong></span> <span class='ocrx_word' id='word_1_62' title='bbox 633 1575 677 1639; x_wconf 87' lang='lat' dir='ltr'><strong>II.</strong></span> <span class='ocrx_word' id='word_1_63' title='bbox 704 1573 920 1661; x_wconf 79' lang='lat' dir='ltr'><strong>praefecturam</strong></span> <span class='ocrx_word' id='word_1_64' title='bbox 950 1577 1172 1663; x_wconf 74' lang='grc' dir='ltr'>(σατραπείαν)</span> <span class='ocrx_word' id='word_1_65' title='bbox 1203 1576 1319 1654; x_wconf 89' lang='lat' dir='ltr'><strong>obibat,</strong></span> <span class='ocrx_word' id='word_1_66' title='bbox 1350 1577 1578 1666; x_wconf 76' lang='lat' dir='ltr'>imperantibus</span> 
     </span>
     <span class='ocr_line' id='line_1_10' title="bbox 185 1680 1578 1769; baseline 0.001 -21"><span class='ocrx_word' id='word_1_67' title='bbox 185 1683 357 1750; x_wconf 84' lang='lat' dir='ltr'><strong>Mnemone</strong></span> <span class='ocrx_word' id='word_1_68' title='bbox 372 1695 405 1748; x_wconf 91' lang='lat' dir='ltr'><strong>et</strong></span> <span class='ocrx_word' id='word_1_69' title='bbox 416 1682 517 1749; x_wconf 83' lang='lat' dir='ltr'><strong>Ocho.</strong></span> <span class='ocrx_word' id='word_1_70' title='bbox 561 1681 650 1746; x_wconf 82' lang='lat' dir='ltr'><strong>Huic</strong></span> <span class='ocrx_word' id='word_1_71' title='bbox 665 1695 755 1769; x_wconf 89' lang='lat' dir='ltr'><strong>pater</strong></span> <span class='ocrx_word' id='word_1_72' title='bbox 769 1694 835 1747; x_wconf 90' lang='lat' dir='ltr'><strong>erat</strong></span> <span class='ocrx_word' id='word_1_73' title='bbox 852 1680 1068 1746; x_wconf 89' lang='lat' dir='ltr'><strong>Hecatomnus</strong></span> <span class='ocrx_word' id='word_1_74' title='bbox 1084 1682 1139 1767; x_wconf 91' lang='lat' dir='ltr'><strong>qui</strong></span> <span class='ocrx_word' id='word_1_75' title='bbox 1154 1684 1194 1750; x_wconf 92' lang='lat' dir='ltr'><strong>ab</strong></span> <span class='ocrx_word' id='word_1_76' title='bbox 1209 1683 1358 1749; x_wconf 79' lang='lat' dir='ltr'><strong>Isocrate⁸</strong></span> <span class='ocrx_word' id='word_1_77' title='bbox 1372 1697 1578 1750; x_wconf 90' lang='lat' dir='ltr'><strong>memoratur:</strong></span> 
     </span>
     <span class='ocr_line' id='line_1_11' title="bbox 185 1789 1577 1880; baseline 0.001 -20"><span class='ocrx_word' id='word_1_78' title='bbox 185 1793 387 1878; x_wconf 75' lang='lat' dir='ltr'><strong>‘Eruro&#39;pvoc</strong></span> <span class='ocrx_word' id='word_1_79' title='bbox 410 1790 437 1860; x_wconf 64' lang='lat' dir='ltr'><strong>d</strong></span> <span class='ocrx_word' id='word_1_80' title='bbox 460 1794 479 1860; x_wconf 85' lang='grc' dir='ltr'>ὸ</span> <span class='ocrx_word' id='word_1_81' title='bbox 506 1797 628 1880; x_wconf 79' lang='grc' dir='ltr'>Καρίας</span> <span class='ocrx_word' id='word_1_82' title='bbox 651 1790 851 1877; x_wconf 80' lang='grc' dir='ltr'>ἐπίσταθμος,</span> <span class='ocrx_word' id='word_1_83' title='bbox 875 1802 908 1855; x_wconf 85' lang='lat' dir='ltr'><strong>et</strong></span> <span class='ocrx_word' id='word_1_84' title='bbox 932 1815 951 1855; x_wconf 89' lang='lat' dir='ltr'><strong>a</strong></span> <span class='ocrx_word' id='word_1_85' title='bbox 974 1789 1144 1869; x_wconf 67' lang='lat' dir='ltr'><strong>Diodoro⁶;</strong></span> <span class='ocrx_word' id='word_1_86' title='bbox 1167 1790 1335 1872; x_wconf 75' lang='grc' dir='ltr'>δυνάστης,</span> <span class='ocrx_word' id='word_1_87' title='bbox 1351 1793 1411 1859; x_wconf 90' lang='lat' dir='ltr'><strong>hoc</strong></span> <span class='ocrx_word' id='word_1_88' title='bbox 1425 1811 1480 1873; x_wconf 78' lang='lat' dir='ltr'><strong>est,</strong></span> <span class='ocrx_word' id='word_1_89' title='bbox 1502 1801 1577 1864; x_wconf 81' lang='grc' dir='ltr'>κατὰ</span> 
     </span>
     <span class='ocr_line' id='line_1_12' title="bbox 188 1893 1581 1986; baseline 0.001 -20"><span class='ocrx_word' id='word_1_90' title='bbox 188 1904 379 1986; x_wconf 77' lang='grc' dir='ltr'>σατραπείαν</span> <span class='ocrx_word' id='word_1_91' title='bbox 394 1897 513 1984; x_wconf 80' lang='grc' dir='ltr'>κύριος,</span> <span class='ocrx_word' id='word_1_92' title='bbox 529 1909 566 1961; x_wconf 92' lang='lat' dir='ltr'><strong>ut</strong></span> <span class='ocrx_word' id='word_1_93' title='bbox 580 1907 748 1983; x_wconf 82' lang='lat' dir='ltr'><strong>exponunt</strong></span> <span class='ocrx_word' id='word_1_94' title='bbox 757 1893 983 1982; x_wconf 87' lang='lat' dir='ltr'><strong>glossographi.</strong></span> <span class='ocrx_word' id='word_1_95' title='bbox 1027 1895 1243 1962; x_wconf 87' lang='lat' dir='ltr'><strong>Meminerunt</strong></span> <span class='ocrx_word' id='word_1_96' title='bbox 1263 1921 1388 1984; x_wconf 89' lang='lat' dir='ltr'><strong>quoque</strong></span> <span class='ocrx_word' id='word_1_97' title='bbox 1410 1900 1533 1967; x_wconf 79' lang='lat' dir='ltr'><strong>Straboe</strong></span> <span class='ocrx_word' id='word_1_98' title='bbox 1547 1917 1581 1967; x_wconf 88' lang='lat' dir='ltr'><strong>et</strong></span> 
     </span>
     <span class='ocr_line' id='line_1_13' title="bbox 186 1999 1577 2094; baseline 0.001 -25"><span class='ocrx_word' id='word_1_99' title='bbox 186 2003 348 2069; x_wconf 60' lang='lat' dir='ltr'><strong>Photiusfl:</strong></span> <span class='ocrx_word' id='word_1_100' title='bbox 371 2001 508 2090; x_wconf 88' lang='lat' dir='ltr'><strong>appellat</strong></span> <span class='ocrx_word' id='word_1_101' title='bbox 532 2000 624 2066; x_wconf 92' lang='lat' dir='ltr'><strong>illum</strong></span> <span class='ocrx_word' id='word_1_102' title='bbox 643 1999 739 2088; x_wconf 88' lang='lat' dir='ltr'><strong>prior,</strong></span> <span class='ocrx_word' id='word_1_103' title='bbox 762 1999 911 2087; x_wconf 75' lang='grc' dir='ltr'>βασιλέα,</span> <span class='ocrx_word' id='word_1_104' title='bbox 927 1999 983 2064; x_wconf 86' lang='lat' dir='ltr'><strong>sed</strong></span> <span class='ocrx_word' id='word_1_105' title='bbox 1007 1999 1071 2064; x_wconf 89' lang='lat' dir='ltr'><strong>hoe</strong></span> <span class='ocrx_word' id='word_1_106' title='bbox 1095 2017 1223 2089; x_wconf 88' lang='lat' dir='ltr'><strong>propter</strong></span> <span class='ocrx_word' id='word_1_107' title='bbox 1237 2001 1424 2094; x_wconf 86' lang='lat' dir='ltr'><strong>dignitatem</strong></span> <span class='ocrx_word' id='word_1_108' title='bbox 1451 2005 1577 2072; x_wconf 88' lang='lat' dir='ltr'><strong>familiae</strong></span> 
     </span>
     <span class='ocr_line' id='line_1_14' title="bbox 186 2108 418 2176; baseline 0 -2"><span class='ocrx_word' id='word_1_109' title='bbox 186 2108 418 2176; x_wconf 88' lang='lat' dir='ltr'><strong>hereditariam.</strong></span> 
     </span>
    </p>

    <p class='ocr_par' dir='ltr' id='par_1_6' title="bbox 187 2213 1577 2620">
     <span class='ocr_line' id='line_1_15' title="bbox 249 2213 1576 2305; baseline 0.004 -27"><span class='ocrx_word' id='word_1_110' title='bbox 249 2214 369 2303; x_wconf 84' lang='lat' dir='ltr'><strong>Agitur</strong></span> <span class='ocrx_word' id='word_1_111' title='bbox 383 2214 418 2278; x_wconf 91' lang='lat' dir='ltr'><strong>in</strong></span> <span class='ocrx_word' id='word_1_112' title='bbox 431 2215 492 2280; x_wconf 93' lang='lat' dir='ltr'><strong>hoc</strong></span> <span class='ocrx_word' id='word_1_113' title='bbox 507 2213 600 2279; x_wconf 89' lang='lat' dir='ltr'><strong>titulo</strong></span> <span class='ocrx_word' id='word_1_114' title='bbox 617 2214 656 2280; x_wconf 93' lang='lat' dir='ltr'><strong>de</strong></span> <span class='ocrx_word' id='word_1_115' title='bbox 672 2213 838 2291; x_wconf 87' lang='lat' dir='ltr'><strong>Mausollo,</strong></span> <span class='ocrx_word' id='word_1_116' title='bbox 854 2214 947 2280; x_wconf 91' lang='lat' dir='ltr'><strong>tertio</strong></span> <span class='ocrx_word' id='word_1_117' title='bbox 958 2215 1095 2280; x_wconf 90' lang='lat' dir='ltr'><strong>nominis</strong></span> <span class='ocrx_word' id='word_1_118' title='bbox 1106 2227 1139 2281; x_wconf 88' lang='lat' dir='ltr'><strong>et</strong></span> <span class='ocrx_word' id='word_1_119' title='bbox 1148 2215 1242 2304; x_wconf 87' lang='lat' dir='ltr'><strong>regiae</strong></span> <span class='ocrx_word' id='word_1_120' title='bbox 1253 2215 1416 2305; x_wconf 78' lang='lat' dir='ltr'><strong>dignitatis</strong></span> <span class='ocrx_word' id='word_1_121' title='bbox 1431 2220 1576 2296; x_wconf 88' lang='lat' dir='ltr'><strong>secundo,</strong></span> 
     </span>
     <span class='ocr_line' id='line_1_16' title="bbox 187 2321 1577 2412; baseline 0.002 -27"><span class='ocrx_word' id='word_1_122' title='bbox 187 2321 219 2385; x_wconf 91' lang='lat' dir='ltr'><strong>in</strong></span> <span class='ocrx_word' id='word_1_123' title='bbox 235 2323 325 2407; x_wconf 88' lang='lat' dir='ltr'><strong>eujus</strong></span> <span class='ocrx_word' id='word_1_124' title='bbox 340 2321 481 2386; x_wconf 85' lang='lat' dir='ltr'><strong>defuncti</strong></span> <span class='ocrx_word' id='word_1_125' title='bbox 507 2322 659 2386; x_wconf 85' lang='lat' dir='ltr'><strong>honorem</strong></span> <span class='ocrx_word' id='word_1_126' title='bbox 684 2323 845 2387; x_wconf 84' lang='lat' dir='ltr'><strong>exstruxit</strong></span> <span class='ocrx_word' id='word_1_127' title='bbox 864 2324 983 2410; x_wconf 91' lang='lat' dir='ltr'><strong>conjux</strong></span> <span class='ocrx_word' id='word_1_128' title='bbox 1008 2323 1189 2400; x_wconf 86' lang='lat' dir='ltr'><strong>Artemisia,</strong></span> <span class='ocrx_word' id='word_1_129' title='bbox 1206 2324 1257 2389; x_wconf 90' lang='lat' dir='ltr'><strong>cui</strong></span> <span class='ocrx_word' id='word_1_130' title='bbox 1284 2324 1482 2412; x_wconf 78' lang='lat' dir='ltr'><strong>tyrannidem</strong></span> <span class='ocrx_word' id='word_1_131' title='bbox 1506 2326 1577 2391; x_wconf 90' lang='lat' dir='ltr'><strong>reli-</strong></span> 
     </span>
     <span class='ocr_line' id='line_1_17' title="bbox 188 2425 1576 2511; baseline 0.004 -21"><span class='ocrx_word' id='word_1_132' title='bbox 188 2440 305 2511; x_wconf 90' lang='lat' dir='ltr'><strong>querat,</strong></span> <span class='ocrx_word' id='word_1_133' title='bbox 320 2425 500 2491; x_wconf 88' lang='lat' dir='ltr'><strong>mirandum</strong></span> <span class='ocrx_word' id='word_1_134' title='bbox 521 2425 601 2492; x_wconf 91' lang='lat' dir='ltr'><strong>illud</strong></span> <span class='ocrx_word' id='word_1_135' title='bbox 624 2441 873 2504; x_wconf 86' lang='lat' dir='ltr'><strong>monumentum,</strong></span> <span class='ocrx_word' id='word_1_136' title='bbox 891 2427 1137 2494; x_wconf 63' lang='lat' dir='ltr'><strong>Maussolleumr.</strong></span> <span class='ocrx_word' id='word_1_137' title='bbox 1184 2429 1256 2495; x_wconf 90' lang='lat' dir='ltr'><strong>Hoc</strong></span> <span class='ocrx_word' id='word_1_138' title='bbox 1271 2444 1427 2507; x_wconf 81' lang='lat' dir='ltr'><strong>evenerat,</strong></span> <span class='ocrx_word' id='word_1_139' title='bbox 1443 2431 1523 2496; x_wconf 89' lang='lat' dir='ltr'><strong>sicut</strong></span> <span class='ocrx_word' id='word_1_140' title='bbox 1541 2433 1576 2496; x_wconf 93' lang='lat' dir='ltr'><strong>in</strong></span> 
     </span>
     <span class='ocr_line' id='line_1_18' title="bbox 187 2530 839 2620; baseline 0.006 -27"><span class='ocrx_word' id='word_1_141' title='bbox 187 2530 287 2595; x_wconf 85' lang='lat' dir='ltr'><strong>Fastis</strong></span> <span class='ocrx_word' id='word_1_142' title='bbox 301 2531 457 2609; x_wconf 86' lang='lat' dir='ltr'><strong>statuitur,</strong></span> <span class='ocrx_word' id='word_1_143' title='bbox 472 2531 506 2595; x_wconf 91' lang='lat' dir='ltr'><strong>in</strong></span> <span class='ocrx_word' id='word_1_144' title='bbox 518 2531 709 2620; x_wconf 86' lang='lat' dir='ltr'><strong>Olympiade</strong></span> <span class='ocrx_word' id='word_1_145' title='bbox 725 2553 789 2598; x_wconf 85' lang='lat' dir='ltr'><strong>cvr.</strong></span> <span class='ocrx_word' id='word_1_146' title='bbox 800 2534 839 2597; x_wconf 74' lang='lat'><strong>4¹.</strong></span> 
     </span>
    </p>

    <p class='ocr_par' dir='ltr' id='par_1_7' title="bbox 187 2637 1576 3148">
     <span class='ocr_line' id='line_1_19' title="bbox 250 2637 1575 2726; baseline 0 -22"><span class='ocrx_word' id='word_1_147' title='bbox 250 2637 417 2726; x_wconf 85' lang='lat' dir='ltr'><strong>Originem</strong></span> <span class='ocrx_word' id='word_1_148' title='bbox 436 2637 563 2703; x_wconf 87' lang='lat' dir='ltr'><strong>familiae</strong></span> <span class='ocrx_word' id='word_1_149' title='bbox 578 2638 704 2703; x_wconf 87' lang='lat' dir='ltr'><strong>ductam</strong></span> <span class='ocrx_word' id='word_1_150' title='bbox 724 2637 818 2702; x_wconf 85' lang='lat' dir='ltr'><strong>fuisse</strong></span> <span class='ocrx_word' id='word_1_151' title='bbox 833 2661 873 2703; x_wconf 88' lang='lat' dir='ltr'><strong>ex</strong></span> <span class='ocrx_word' id='word_1_152' title='bbox 886 2637 1011 2726; x_wconf 84' lang='lat' dir='ltr'><strong>Gindya</strong></span> <span class='ocrx_word' id='word_1_153' title='bbox 1026 2661 1095 2723; x_wconf 85' lang='lat' dir='ltr'><strong>quae</strong></span> <span class='ocrx_word' id='word_1_154' title='bbox 1115 2662 1133 2702; x_wconf 90' lang='lat' dir='ltr'><strong>a</strong></span> <span class='ocrx_word' id='word_1_155' title='bbox 1148 2637 1305 2726; x_wconf 88' lang='lat' dir='ltr'><strong>Bargyliis</strong></span> <span class='ocrx_word' id='word_1_156' title='bbox 1320 2637 1448 2726; x_wconf 92' lang='lat' dir='ltr'><strong>propius</strong></span> <span class='ocrx_word' id='word_1_157' title='bbox 1460 2640 1575 2717; x_wconf 85' lang='lat' dir='ltr'><strong>aberat,</strong></span> 
     </span>
     <span class='ocr_line' id='line_1_20' title="bbox 187 2740 1574 2833; baseline 0.001 -26"><span class='ocrx_word' id='word_1_158' title='bbox 187 2743 282 2808; x_wconf 89' lang='lat' dir='ltr'><strong>tradit</strong></span> <span class='ocrx_word' id='word_1_159' title='bbox 305 2742 507 2808; x_wconf 90' lang='lat' dir='ltr'><strong>Herodotus:</strong></span> <span class='ocrx_word' id='word_1_160' title='bbox 541 2742 615 2808; x_wconf 90' lang='lat' dir='ltr'><strong>dein</strong></span> <span class='ocrx_word' id='word_1_161' title='bbox 646 2742 783 2820; x_wconf 66' lang='lat' dir='ltr'><strong>Straboss,</strong></span> <span class='ocrx_word' id='word_1_162' title='bbox 810 2740 1044 2806; x_wconf 87' lang='lat' dir='ltr'><strong>Hecatomnum</strong></span> <span class='ocrx_word' id='word_1_163' title='bbox 1069 2764 1141 2806; x_wconf 90' lang='lat' dir='ltr'><strong>oum</strong></span> <span class='ocrx_word' id='word_1_164' title='bbox 1167 2741 1230 2806; x_wconf 91' lang='lat' dir='ltr'><strong>suis</strong></span> <span class='ocrx_word' id='word_1_165' title='bbox 1255 2741 1349 2807; x_wconf 89' lang='lat' dir='ltr'><strong>fuisse</strong></span> <span class='ocrx_word' id='word_1_166' title='bbox 1372 2767 1414 2808; x_wconf 88' lang='lat' dir='ltr'><strong>ex</strong></span> <span class='ocrx_word' id='word_1_167' title='bbox 1434 2743 1574 2833; x_wconf 85' lang='lat' dir='ltr'><strong>Mylasis.</strong></span> 
     </span>
     <span class='ocr_line' id='line_1_21' title="bbox 189 2847 1572 2935; baseline 0.005 -23"><span class='ocrx_word' id='word_1_168' title='bbox 189 2847 318 2935; x_wconf 89' lang='lat' dir='ltr'><strong>Optime</strong></span> <span class='ocrx_word' id='word_1_169' title='bbox 332 2847 393 2913; x_wconf 90' lang='lat' dir='ltr'><strong>hoc</strong></span> <span class='ocrx_word' id='word_1_170' title='bbox 408 2872 481 2915; x_wconf 88' lang='lat' dir='ltr'><strong>cum</strong></span> <span class='ocrx_word' id='word_1_171' title='bbox 501 2847 564 2913; x_wconf 90' lang='lat' dir='ltr'><strong>situ</strong></span> <span class='ocrx_word' id='word_1_172' title='bbox 579 2848 775 2914; x_wconf 89' lang='lat' dir='ltr'><strong>monumenti</strong></span> <span class='ocrx_word' id='word_1_173' title='bbox 790 2871 832 2914; x_wconf 85' lang='lat' dir='ltr'><strong>ex</strong></span> <span class='ocrx_word' id='word_1_174' title='bbox 848 2872 910 2933; x_wconf 90' lang='lat' dir='ltr'><strong>quo</strong></span> <span class='ocrx_word' id='word_1_175' title='bbox 930 2847 1058 2912; x_wconf 90' lang='lat' dir='ltr'><strong>titulum</strong></span> <span class='ocrx_word' id='word_1_176' title='bbox 1083 2847 1274 2934; x_wconf 88' lang='lat' dir='ltr'><strong>descriptum</strong></span> <span class='ocrx_word' id='word_1_177' title='bbox 1294 2849 1391 2916; x_wconf 88' lang='lat' dir='ltr'><strong>habui</strong></span> <span class='ocrx_word' id='word_1_178' title='bbox 1415 2853 1572 2918; x_wconf 90' lang='lat' dir='ltr'><strong>convenit.</strong></span> 
     </span>
     <span class='ocr_line' id='line_1_22' title="bbox 188 2951 1576 3044; baseline 0.002 -27"><span class='ocrx_word' id='word_1_179' title='bbox 188 2951 296 3018; x_wconf 88' lang='lat' dir='ltr'><strong>Refert</strong></span> <span class='ocrx_word' id='word_1_180' title='bbox 305 2951 401 3018; x_wconf 88' lang='lat' dir='ltr'><strong>etiam</strong></span> <span class='ocrx_word' id='word_1_181' title='bbox 412 2951 564 3018; x_wconf 88' lang='lat' dir='ltr'><strong>dialectus</strong></span> <span class='ocrx_word' id='word_1_182' title='bbox 577 2951 611 3016; x_wconf 90' lang='lat' dir='ltr'><strong>in</strong></span> <span class='ocrx_word' id='word_1_183' title='bbox 624 2974 661 3017; x_wconf 89' lang='lat' dir='ltr'><strong>eo</strong></span> <span class='ocrx_word' id='word_1_184' title='bbox 673 2966 840 3038; x_wconf 87' lang='lat' dir='ltr'><strong>conspecta</strong></span> <span class='ocrx_word' id='word_1_185' title='bbox 851 2951 989 3017; x_wconf 85' lang='lat' dir='ltr'><strong>civitatis</strong></span> <span class='ocrx_word' id='word_1_186' title='bbox 999 2951 1153 3040; x_wconf 86' lang='lat' dir='ltr'><strong>originem</strong></span> <span class='ocrx_word' id='word_1_187' title='bbox 1164 2953 1287 3038; x_wconf 89' lang='lat' dir='ltr'><strong>qualem</strong></span> <span class='ocrx_word' id='word_1_188' title='bbox 1299 2955 1443 3042; x_wconf 88' lang='lat' dir='ltr'><strong>perhibet</strong></span> <span class='ocrx_word' id='word_1_189' title='bbox 1453 2956 1576 3044; x_wconf 88' lang='lat' dir='ltr'><strong>Byzan-</strong></span> 
     </span>
     <span class='ocr_line' id='line_1_23' title="bbox 187 3058 864 3148; baseline -0.004 -22"><span class='ocrx_word' id='word_1_190' title='bbox 187 3061 282 3138; x_wconf 85' lang='lat' dir='ltr'><strong>tinus,</strong></span> <span class='ocrx_word' id='word_1_191' title='bbox 294 3082 408 3148; x_wconf 90' lang='lat' dir='ltr'><strong>nempe</strong></span> <span class='ocrx_word' id='word_1_192' title='bbox 424 3083 442 3125; x_wconf 89' lang='lat' dir='ltr'><strong>a</strong></span> <span class='ocrx_word' id='word_1_193' title='bbox 456 3059 581 3148; x_wconf 87' lang='lat' dir='ltr'><strong>Mylsso</strong></span> <span class='ocrx_word' id='word_1_194' title='bbox 596 3058 685 3124; x_wconf 81' lang='lat' dir='ltr'><strong>AEoli</strong></span> <span class='ocrx_word' id='word_1_195' title='bbox 700 3059 864 3146; x_wconf 87' lang='lat' dir='ltr'><strong>abnepote.</strong></span> 
     </span>
    </p>
   </div>
   <div class='ocr_carea' id='block_1_6' title="bbox 839 3256 928 3323">
    <p class='ocr_par' dir='ltr' id='par_1_8' title="bbox 839 3256 928 3323">
     <span class='ocr_line' id='line_1_24' title="bbox 839 3256 928 3323; baseline -0.022 0"><span class='ocrx_word' id='word_1_196' title='bbox 839 3256 928 3323; x_wconf 86' lang='lat' dir='ltr'>OVI.</span> 
     </span>
    </p>
   </div>
   <div class='ocr_carea' id='block_1_7' title="bbox 188 3401 1573 3600">
    <p class='ocr_par' dir='ltr' id='par_1_9' title="bbox 188 3401 1573 3600">
     <span class='ocr_line' id='line_1_25' title="bbox 253 3401 1573 3496; baseline 0.002 -26"><span class='ocrx_word' id='word_1_197' title='bbox 253 3407 281 3470; x_wconf 89' lang='grc'><strong>3.</strong></span> <span class='ocrx_word' id='word_1_198' title='bbox 307 3403 505 3490; x_wconf 74' lang='grc' dir='ltr'><strong>Εὐθυδήμου.</strong></span> <span class='ocrx_word' id='word_1_199' title='bbox 549 3401 673 3468; x_wconf 90' lang='lat' dir='ltr'><strong>Nomen</strong></span> <span class='ocrx_word' id='word_1_200' title='bbox 694 3401 817 3492; x_wconf 86' lang='lat' dir='ltr'><strong>insigne</strong></span> <span class='ocrx_word' id='word_1_201' title='bbox 831 3401 1125 3490; x_wconf 87' lang='lat' dir='ltr'><strong>interMylasensia,</strong></span> <span class='ocrx_word' id='word_1_202' title='bbox 1142 3415 1258 3468; x_wconf 87' lang='lat' dir='ltr'><strong>etcum</strong></span> <span class='ocrx_word' id='word_1_203' title='bbox 1275 3403 1573 3496; x_wconf 86' lang='lat' dir='ltr'><strong>Hybreaageogra-</strong></span> 
     </span>
     <span class='ocr_line' id='line_1_26' title="bbox 188 3508 1572 3600; baseline 0.001 -23"><span class='ocrx_word' id='word_1_204' title='bbox 188 3512 251 3600; x_wconf 92' lang='lat' dir='ltr'><strong>pho</strong></span> <span class='ocrx_word' id='word_1_205' title='bbox 276 3511 404 3577; x_wconf 74' lang='lat' dir='ltr'><strong>illustri¹¹</strong></span> <span class='ocrx_word' id='word_1_206' title='bbox 427 3508 647 3576; x_wconf 86' lang='lat' dir='ltr'><strong>consociatum.</strong></span> <span class='ocrx_word' id='word_1_207' title='bbox 702 3509 802 3575; x_wconf 88' lang='lat' dir='ltr'><strong>Erant</strong></span> <span class='ocrx_word' id='word_1_208' title='bbox 829 3531 943 3598; x_wconf 90' lang='lat' dir='ltr'><strong>nempe</strong></span> <span class='ocrx_word' id='word_1_209' title='bbox 978 3508 1131 3574; x_wconf 88' lang='lat' dir='ltr'><strong>Rhetores</strong></span> <span class='ocrx_word' id='word_1_210' title='bbox 1159 3521 1191 3574; x_wconf 89' lang='lat' dir='ltr'><strong>et</strong></span> <span class='ocrx_word' id='word_1_211' title='bbox 1218 3509 1418 3596; x_wconf 86' lang='lat' dir='ltr'><strong>popularium</strong></span> <span class='ocrx_word' id='word_1_212' title='bbox 1447 3536 1572 3579; x_wconf 90' lang='lat' dir='ltr'><strong>suorum</strong></span> 
     </span>
    </p>
   </div>
   <div class='ocr_carea' id='block_1_8' title="bbox 187 3753 1572 4406">
    <p class='ocr_par' dir='ltr' id='par_1_10' title="bbox 187 3753 1572 4406">
     <span class='ocr_line' id='line_1_27' title="bbox 219 3753 980 3802; baseline 0.003 -2"><span class='ocrx_word' id='word_1_213' title='bbox 219 3759 228 3786; x_wconf 81' lang='lat'><em>²</em></span> <span class='ocrx_word' id='word_1_214' title='bbox 244 3753 304 3801; x_wconf 78' lang='lat' dir='ltr'><strong>vide</strong></span> <span class='ocrx_word' id='word_1_215' title='bbox 315 3754 377 3801; x_wconf 84' lang='lat' dir='ltr'><strong>Libr.</strong></span> <span class='ocrx_word' id='word_1_216' title='bbox 386 3765 411 3802; x_wconf 85' lang='lat' dir='ltr'><strong>v.</strong></span> <span class='ocrx_word' id='word_1_217' title='bbox 422 3755 475 3800; x_wconf 83' lang='grc'><strong>118.</strong></span> <span class='ocrx_word' id='word_1_218' title='bbox 906 3768 930 3801; x_wconf 85' lang='lat' dir='ltr'><strong>x.</strong></span> <span class='ocrx_word' id='word_1_219' title='bbox 945 3757 980 3802; x_wconf 88' lang='lat'><strong>18.</strong></span> 
     </span>
     <span class='ocr_line' id='line_1_28' title="bbox 219 3837 1572 3904; baseline 0.004 -18"><span class='ocrx_word' id='word_1_220' title='bbox 219 3845 230 3872; x_wconf 80' lang='lat'><strong>¹</strong></span> <span class='ocrx_word' id='word_1_221' title='bbox 247 3840 361 3900; x_wconf 59' lang='lat' dir='ltr'><strong>Panem.</strong></span> <span class='ocrx_word' id='word_1_222' title='bbox 372 3851 438 3886; x_wconf 80' lang='lat' dir='ltr'><strong>xuur</strong></span> <span class='ocrx_word' id='word_1_223' title='bbox 943 3837 951 3870; x_wconf 73' lang='grc' dir='ltr'>ί</span> <span class='ocrx_word' id='word_1_224' title='bbox 964 3840 1023 3888; x_wconf 76' lang='lat' dir='ltr'><strong>tute</strong></span> <span class='ocrx_word' id='word_1_225' title='bbox 1042 3840 1102 3887; x_wconf 80' lang='lat' dir='ltr'><strong>Fast</strong></span> <span class='ocrx_word' id='word_1_226' title='bbox 1115 3840 1226 3888; x_wconf 83' lang='lat' dir='ltr'><strong>Hellenic</strong></span> <span class='ocrx_word' id='word_1_227' title='bbox 1238 3841 1346 3900; x_wconf 75' lang='lat' dir='ltr'><strong>clintoni,</strong></span> <span class='ocrx_word' id='word_1_228' title='bbox 1364 3855 1380 3888; x_wconf 90' lang='lat' dir='ltr'><strong>r.</strong></span> <span class='ocrx_word' id='word_1_229' title='bbox 1399 3857 1421 3902; x_wconf 87' lang='lat' dir='ltr'><strong>p.</strong></span> <span class='ocrx_word' id='word_1_230' title='bbox 1437 3845 1490 3890; x_wconf 84' lang='grc'><strong>286.</strong></span> <span class='ocrx_word' id='word_1_231' title='bbox 1511 3847 1572 3904; x_wconf 83' lang='lat' dir='ltr'><strong>apud</strong></span> 
     </span>
     <span class='ocr_line' id='line_1_29' title="bbox 219 3923 1459 3986; baseline 0 -12"><span class='ocrx_word' id='word_1_232' title='bbox 219 3923 230 3957; x_wconf 55' lang='grc' dir='ltr'>ὓ</span> <span class='ocrx_word' id='word_1_233' title='bbox 247 3927 301 3974; x_wconf 75' lang='lat' dir='ltr'><strong>nur</strong></span> <span class='ocrx_word' id='word_1_234' title='bbox 320 3938 371 3972; x_wconf 74' lang='lat' dir='ltr'><strong>xrs.</strong></span> <span class='ocrx_word' id='word_1_235' title='bbox 381 3927 419 3972; x_wconf 82' lang='lat'><strong>98.</strong></span> <span class='ocrx_word' id='word_1_236' title='bbox 440 3937 479 3971; x_wconf 85' lang='lat' dir='ltr'><strong>xv.</strong></span> <span class='ocrx_word' id='word_1_237' title='bbox 490 3925 512 3970; x_wconf 97' lang='grc'><strong>2.</strong></span> <span class='ocrx_word' id='word_1_238' title='bbox 907 3925 1037 3973; x_wconf 72' lang='lat' dir='ltr'><strong>Bfiokhium</strong></span> <span class='ocrx_word' id='word_1_239' title='bbox 1046 3926 1070 3971; x_wconf 88' lang='lat' dir='ltr'><strong>in</strong></span> <span class='ocrx_word' id='word_1_240' title='bbox 1078 3931 1135 3972; x_wconf 76' lang='lat' dir='ltr'><strong>nott.</strong></span> <span class='ocrx_word' id='word_1_241' title='bbox 1145 3925 1246 3974; x_wconf 78' lang='lat' dir='ltr'><strong>adtitul.</strong></span> <span class='ocrx_word' id='word_1_242' title='bbox 1258 3929 1328 3974; x_wconf 82' lang='grc'><strong>2001.</strong></span> <span class='ocrx_word' id='word_1_243' title='bbox 1340 3941 1362 3986; x_wconf 74' lang='grc' dir='ltr'>ρ</span> <span class='ocrx_word' id='word_1_244' title='bbox 1371 3929 1426 3974; x_wconf 77' lang='lat'>470.</span> <span class='ocrx_word' id='word_1_245' title='bbox 1438 3941 1459 3974; x_wconf 75' lang='lat' dir='ltr'><strong>a</strong></span> 
     </span>
     <span class='ocr_line' id='line_1_30' title="bbox 218 4005 1570 4076; baseline 0.001 -18"><span class='ocrx_word' id='word_1_246' title='bbox 218 4016 228 4042; x_wconf 74' lang='lat'>⁸</span> <span class='ocrx_word' id='word_1_247' title='bbox 245 4011 394 4058; x_wconf 69' lang='lat' dir='ltr'><strong>unauna.</strong></span> <span class='ocrx_word' id='word_1_248' title='bbox 404 4011 486 4069; x_wconf 77' lang='lat' dir='ltr'><strong>p201.</strong></span> <span class='ocrx_word' id='word_1_249' title='bbox 496 4005 705 4071; x_wconf 71' lang='grc' dir='ltr'>Ἑκατόμνῳγὰρ</span> <span class='ocrx_word' id='word_1_250' title='bbox 715 4005 752 4071; x_wconf 74' lang='grc' dir='ltr'><strong>τῷ</strong></span> <span class='ocrx_word' id='word_1_251' title='bbox 761 4007 856 4069; x_wconf 80' lang='grc' dir='ltr'>Καρῶν</span> <span class='ocrx_word' id='word_1_252' title='bbox 937 4015 950 4051; x_wconf 78' lang='lat' dir='ltr'><strong>r</strong></span> <span class='ocrx_word' id='word_1_253' title='bbox 967 4009 1014 4056; x_wconf 86' lang='lat' dir='ltr'><strong>Ubi</strong></span> <span class='ocrx_word' id='word_1_254' title='bbox 1032 4023 1108 4069; x_wconf 80' lang='lat' dir='ltr'><strong>supra,</strong></span> <span class='ocrx_word' id='word_1_255' title='bbox 1128 4023 1151 4069; x_wconf 75' lang='lat' dir='ltr'><strong>p</strong></span> <span class='ocrx_word' id='word_1_256' title='bbox 1166 4011 1220 4058; x_wconf 82' lang='grc'><strong>200.</strong></span> <span class='ocrx_word' id='word_1_257' title='bbox 1237 4006 1390 4074; x_wconf 74' lang='grc' dir='ltr'>’ἱστορεῖται</span> <span class='ocrx_word' id='word_1_258' title='bbox 1409 4007 1434 4058; x_wconf 70' lang='lat' dir='ltr'><strong>di</strong></span> <span class='ocrx_word' id='word_1_259' title='bbox 1453 4010 1570 4076; x_wconf 74' lang='lat' dir='ltr'><strong>(styma)</strong></span> 
     </span>
     <span class='ocr_line' id='line_1_31' title="bbox 187 4088 1569 4156; baseline 0 -14"><span class='ocrx_word' id='word_1_260' title='bbox 187 4093 291 4155; x_wconf 77' lang='grc' dir='ltr'>βασιλεῖ</span> <span class='ocrx_word' id='word_1_261' title='bbox 303 4093 373 4152; x_wconf 77' lang='grc' dir='ltr'>ἦσαν</span> <span class='ocrx_word' id='word_1_262' title='bbox 385 4091 434 4142; x_wconf 73' lang='lat' dir='ltr'><strong>ulai</strong></span> <span class='ocrx_word' id='word_1_263' title='bbox 446 4093 522 4156; x_wconf 75' lang='grc' dir='ltr'>τρεῖς,</span> <span class='ocrx_word' id='word_1_264' title='bbox 532 4098 576 4140; x_wconf 77' lang='lat' dir='ltr'><strong>ste.</strong></span> <span class='ocrx_word' id='word_1_265' title='bbox 903 4088 974 4154; x_wconf 78' lang='grc' dir='ltr'><strong><em>κώμη</em></strong></span> <span class='ocrx_word' id='word_1_266' title='bbox 987 4088 1102 4150; x_wconf 75' lang='grc' dir='ltr'>ὑπάρξαι</span> <span class='ocrx_word' id='word_1_267' title='bbox 1112 4091 1143 4140; x_wconf 82' lang='grc' dir='ltr'><strong>τὸ</strong></span> <span class='ocrx_word' id='word_1_268' title='bbox 1157 4089 1281 4146; x_wconf 77' lang='grc' dir='ltr'>παλαιόν,</span> <span class='ocrx_word' id='word_1_269' title='bbox 1295 4091 1391 4153; x_wconf 71' lang='grc' dir='ltr'>πατρὶς</span> <span class='ocrx_word' id='word_1_270' title='bbox 1402 4089 1427 4140; x_wconf 78' lang='grc' dir='ltr'><strong>δὲ</strong></span> <span class='ocrx_word' id='word_1_271' title='bbox 1440 4093 1482 4141; x_wconf 76' lang='grc' dir='ltr'>καὶ</span> <span class='ocrx_word' id='word_1_272' title='bbox 1494 4091 1569 4154; x_wconf 85' lang='grc' dir='ltr'>βασι-</span> 
     </span>
     <span class='ocr_line' id='line_1_32' title="bbox 247 4173 1499 4240; baseline -0.002 -14"><span class='ocrx_word' id='word_1_273' title='bbox 247 4178 307 4226; x_wconf 83' lang='lat' dir='ltr'><strong>Btbl.</strong></span> <span class='ocrx_word' id='word_1_274' title='bbox 317 4177 373 4226; x_wconf 86' lang='lat' dir='ltr'><strong>Cod.</strong></span> <span class='ocrx_word' id='word_1_275' title='bbox 385 4189 486 4224; x_wconf 78' lang='lat' dir='ltr'><strong>oaxxvr.</strong></span> <span class='ocrx_word' id='word_1_276' title='bbox 499 4191 530 4224; x_wconf 84' lang='lat' dir='ltr'><strong>ax</strong></span> <span class='ocrx_word' id='word_1_277' title='bbox 540 4176 692 4236; x_wconf 81' lang='lat' dir='ltr'><strong>Theopompo.</strong></span> <span class='ocrx_word' id='word_1_278' title='bbox 904 4175 976 4226; x_wconf 81' lang='grc' dir='ltr'>λεῖον</span> <span class='ocrx_word' id='word_1_279' title='bbox 987 4178 1040 4224; x_wconf 79' lang='grc' dir='ltr'><strong>τῶν</strong></span> <span class='ocrx_word' id='word_1_280' title='bbox 1053 4179 1148 4238; x_wconf 76' lang='grc' dir='ltr'>Καρῶν</span> <span class='ocrx_word' id='word_1_281' title='bbox 1159 4180 1211 4225; x_wconf 78' lang='grc' dir='ltr'><strong>τῶν</strong></span> <span class='ocrx_word' id='word_1_282' title='bbox 1225 4176 1283 4240; x_wconf 73' lang='grc' dir='ltr'>περί</span> <span class='ocrx_word' id='word_1_283' title='bbox 1294 4177 1331 4240; x_wconf 69' lang='grc' dir='ltr'><strong>τῷ</strong></span> <span class='ocrx_word' id='word_1_284' title='bbox 1341 4173 1499 4240; x_wconf 63' lang='grc' dir='ltr'>’Βαατόμνρ</span> 
     </span>
     <span class='ocr_line' id='line_1_33' title="bbox 220 4257 1182 4321; baseline 0.002 -13"><span class='ocrx_word' id='word_1_285' title='bbox 220 4269 231 4294; x_wconf 86' lang='grc'>·</span> <span class='ocrx_word' id='word_1_286' title='bbox 245 4262 305 4310; x_wconf 75' lang='grc' dir='ltr'><strong>111οα</strong></span> <span class='ocrx_word' id='word_1_287' title='bbox 315 4261 421 4310; x_wconf 81' lang='lat' dir='ltr'><strong>Strabon.</strong></span> <span class='ocrx_word' id='word_1_288' title='bbox 433 4261 473 4308; x_wconf 88' lang='lat' dir='ltr'><strong>ubi</strong></span> <span class='ocrx_word' id='word_1_289' title='bbox 483 4275 544 4320; x_wconf 85' lang='lat' dir='ltr'><strong>supr.</strong></span> <span class='ocrx_word' id='word_1_290' title='bbox 556 4275 578 4320; x_wconf 86' lang='lat' dir='ltr'><strong>p.</strong></span> <span class='ocrx_word' id='word_1_291' title='bbox 588 4263 643 4309; x_wconf 87' lang='grc'><strong>200.</strong></span> <span class='ocrx_word' id='word_1_292' title='bbox 655 4274 673 4308; x_wconf 86' lang='lat' dir='ltr'><strong>s.</strong></span> <span class='ocrx_word' id='word_1_293' title='bbox 690 4259 783 4307; x_wconf 87' lang='lat' dir='ltr'><strong>Vitruv.</strong></span> <span class='ocrx_word' id='word_1_294' title='bbox 791 4273 818 4306; x_wconf 81' lang='lat' dir='ltr'><strong>ra</strong></span> <span class='ocrx_word' id='word_1_295' title='bbox 830 4261 853 4306; x_wconf 85' lang='lat'><strong>8.</strong></span> <span class='ocrx_word' id='word_1_296' title='bbox 936 4257 948 4291; x_wconf 63' lang='lat'>⁵</span> <span class='ocrx_word' id='word_1_297' title='bbox 966 4259 1012 4307; x_wconf 85' lang='lat' dir='ltr'><strong>uu</strong></span> <span class='ocrx_word' id='word_1_298' title='bbox 1021 4275 1081 4320; x_wconf 85' lang='lat' dir='ltr'><strong>supr.</strong></span> <span class='ocrx_word' id='word_1_299' title='bbox 1094 4275 1117 4321; x_wconf 84' lang='lat' dir='ltr'><strong>p.</strong></span> <span class='ocrx_word' id='word_1_300' title='bbox 1127 4263 1182 4310; x_wconf 83' lang='grc'><strong>200.</strong></span> 
     </span>
     <span class='ocr_line' id='line_1_34' title="bbox 187 4345 853 4406; baseline -0.008 -11"><span class='ocrx_word' id='word_1_301' title='bbox 187 4361 225 4406; x_wconf 80' lang='lat' dir='ltr'><strong>pp.</strong></span> <span class='ocrx_word' id='word_1_302' title='bbox 237 4349 275 4395; x_wconf 75' lang='lat'><strong>64.</strong></span> <span class='ocrx_word' id='word_1_303' title='bbox 287 4361 316 4394; x_wconf 77' lang='grc' dir='ltr'><strong>σε.</strong></span> <span class='ocrx_word' id='word_1_304' title='bbox 341 4346 388 4396; x_wconf 76' lang='lat' dir='ltr'><strong>tte</strong></span> <span class='ocrx_word' id='word_1_305' title='bbox 398 4345 489 4394; x_wconf 78' lang='lat' dir='ltr'><strong>Tuscut</strong></span> <span class='ocrx_word' id='word_1_306' title='bbox 501 4357 538 4393; x_wconf 89' lang='lat' dir='ltr'><strong>ru.</strong></span> <span class='ocrx_word' id='word_1_307' title='bbox 552 4347 589 4394; x_wconf 81' lang='grc'><strong>01.</strong></span> <span class='ocrx_word' id='word_1_308' title='bbox 601 4359 653 4406; x_wconf 70' lang='lat' dir='ltr'><strong>quo</strong></span> <span class='ocrx_word' id='word_1_309' title='bbox 664 4346 721 4393; x_wconf 81' lang='lat' dir='ltr'><strong>citat</strong></span> <span class='ocrx_word' id='word_1_310' title='bbox 731 4345 819 4395; x_wconf 82' lang='lat' dir='ltr'><strong>Gellius</strong></span> <span class='ocrx_word' id='word_1_311' title='bbox 829 4345 853 4390; x_wconf 83' lang='lat' dir='ltr'><strong>tn</strong></span> 
     </span>
    </p>
   </div>
   <div class='ocr_carea' id='block_1_9' title="bbox 0 0 1980 5238">
    <p class='ocr_par' dir='ltr' id='par_1_11' title="bbox 0 0 1980 5238">
     <span class='ocr_line' id='line_1_35' title="bbox 0 0 1980 5238; baseline 0 0"><span class='ocrx_word' id='word_1_312' title='bbox 0 0 1980 5238; x_wconf 95' lang='lat' dir='ltr'><strong> </strong></span> 
     </span>
    </p>
   </div>
  </div>
 </body>
</html>
