3972 5240
446 561 510 626 240
785 557 835 624 IN
838 553 1137 624 SCRIPTIONES
1159 554 1352 622 GRAEGAE.
1366 553 1837 643 '[1saos.ocxxxv1.,ecxxxru.

522 747 755 846 Descriptum
778 745 890 820 habui
909 743 954 818 de
971 745 1049 818 basi
1075 744 1114 817 in
1136 745 1228 817 atrio
1245 741 1374 818 domus
1392 743 1589 818 sacerdotis
1608 744 1726 820 Graeci
1745 743 1833 841 apud
1958 779 1959 834 l

447 870 569 944 vicum
587 868 785 942 Turcicum
807 865 1013 942 Isto-burlo.
1067 863 1210 938 Iudicat
1227 865 1336 938 situm
1354 864 1561 964 Apollonia
1578 887 1661 960 quae
1678 865 1832 936 similiter

448 1015 490 1064 sc
524 990 562 1062 in
596 987 717 1062 titulo¹
749 1011 859 1084 quem
889 1011 938 1060 ex
972 1011 1077 1059 muro
1107 985 1388 1083 Aphrodisiensi
1422 983 1597 1082 descripsi
1631 984 1831 1083 designatur
1958 1053 1959 1062 ,

447 1109 639 1210 Lyciorum
661 1109 846 1195 Thracum,
863 1107 1033 1181 nimbum
1052 1105 1194 1180 colonia
1210 1107 1256 1180 ab
1272 1106 1316 1180 iis
1334 1104 1499 1180 deducta.

524 1229 635 1305 Edidi
664 1253 713 1302 ex
739 1251 821 1302 meo
848 1224 1066 1325 apographO,
1093 1225 1225 1299 collato
1253 1225 1487 1299 Borrelliano.
1539 1223 1662 1299 Video
1691 1251 1826 1322 quoque
1958 1243 1959 1322 ζ

448 1352 543 1423 inter
562 1347 770 1424 Bbckhiana
782 1372 898 1446 nuper
914 1372 936 1420 a
952 1373 984 1420 v,
997 1347 1029 1420 d.
1048 1347 1202 1420 Franzio
1219 1347 1432 1420 concinnata
1448 1347 1513 1442 qui
1530 1345 1697 1446 Phrygiis
1714 1371 1826 1421 accen-

449 1471 549 1562 suit⁸3
575 1469 710 1543 rectius
736 1468 806 1542 hoc
824 1493 932 1565 quam
956 1465 1056 1564 quod
1080 1466 1228 1565 plurimi
1245 1479 1350 1542 antea
1364 1467 1534 1553 fecerant,
1558 1465 1712 1553 Pisidia,
1730 1492 1784 1541 ex
1801 1493 1825 1541 c.
1958 1461 1959 1496 a

449 1586 699 1676 Arundellusb,
721 1589 826 1684 cujus
848 1587 1034 1684 exemplar
1051 1611 1072 1659 a
1087 1585 1254 1660 Detterio
1270 1585 1525 1682 transcriptum
1542 1586 1724 1684 conspicio
1741 1587 1827 1660 inter

449 1713 680 1788 Borrelliana.
734 1713 926 1812 Supplevit
953 1712 997 1784 D.
1023 1711 1061 1784 in
1082 1737 1114 1784 v.
1134 1713 1190 1784 10.
1207 1710 1266 1783 fin.
1286 1717 1355 1798 ΝΕ,
1382 1722 1424 1784 ut
1453 1711 1500 1784 sit
1525 1703 1609 1782 νέον
1628 1705 1826 1808 εὐεργέτην,

449 1839 550 1937 quod
575 1839 749 1913 Franzius
776 1837 863 1912 lacit
879 1827 986 1910 ἴδιον.
1039 1835 1173 1911 Melius
1189 1836 1261 1910 hoc
1276 1835 1437 1932 sortasse,
1452 1837 1517 1910 sed
1533 1849 1570 1910 et
1587 1838 1825 1912 Detterianum

450 1985 519 2034 usu
536 1959 800 2058 comprobatur.

526 2081 599 2180 (b.)
627 2081 772 2156 Titulus
788 2079 1017 2154 honorificus.
1069 2077 1267 2166 Antonine,
1284 2079 1421 2174 conjux
1440 2077 1628 2176 Apollonii
1653 2077 1750 2152 illius
1772 2077 1827 2174 qui

449 2207 488 2279 in
504 2227 701 2302 praegresso
717 2211 946 2286 memoratur,
963 2200 1138 2274 honorem
1156 2209 1283 2272 statum
1298 2197 1443 2271 virtutis
1459 2222 1546 2296 ergo
1563 2211 1668 2272 nacta
1682 2197 1827 2273 fuerata

452 2324 588 2401 Senatu
614 2335 652 2397 et
676 2323 827 2421 Populo.
879 2325 939 2396 Ex
968 2321 1174 2394 nominibus
1203 2331 1398 2416 utrumque
1420 2319 1557 2394 ratione
1586 2320 1765 2417 probabili
1787 2317 1827 2392 ad

450 2458 591 2540 tempus
609 2442 845 2516 Aureliorum
862 2442 1049 2532 retulerim
1075 2441 1192 2513 Marci
1210 2441 1347 2537 opinor.

526 2561 757 2660 Descriptum
774 2561 886 2636 habui
903 2561 948 2636 de
966 2572 1071 2658 porta
1086 2559 1225 2634 castelli
1242 2560 1280 2632 in
1301 2583 1382 2633 arce
1399 2559 1472 2633 vici
1493 2558 1695 2635 Utetbarco.
1748 2563 1827 2634 Tres

450 2707 575 2756 versus
593 2681 783 2756 dumtaxat
800 2684 867 2780 (sc.
887 2687 917 2756 6.
939 2687 969 2757 7.
989 2681 1041 2780 8.)
1060 2693 1206 2756 exstant
1221 2683 1260 2754 in
1277 2681 1484 2780 apographo
1502 2683 1714 2758 Detteriano
1739 2681 1828 2780 quod

451 2800 497 2874 ad
524 2824 581 2874 me
609 2799 707 2872 misit
724 2799 931 2873 Borrellius.
983 2799 1234 2898 Negligentius
1262 2799 1501 2898 descripserat
1517 2800 1756 2878 rlrnndelluse
1773 2803 1828 2898 qui

451 2924 632 3018 integrum
662 2918 819 2992 edidisse
847 2918 1029 3017 professus
1059 2931 1135 2993 est:
1179 2931 1317 3017 partem
1351 2931 1491 2994 tantum
1525 2945 1676 3017 eamque
1711 2921 1829 2998 menda

365 3081 366 3084 ¹
452 3042 590 3137 aliquot
607 3039 832 3137 complexam
850 3037 1114 3114 Hamiltonus⁶2
1143 3063 1191 3113 ex
1207 3040 1307 3115 bisce
1324 3065 1440 3140 nuper
1455 3041 1652 3116 Ebanzius‘.

529 3166 652 3239 Habet
677 3165 716 3238 iu
742 3165 920 3262 principio
937 3165 1080 3238 Arund.
1099 3161 1239 3255 Ηλιαν,
1255 3165 1353 3238 unde
1370 3167 1439 3254 Fr„
1461 3167 1636 3264 probante
1653 3143 1828 3254 marmore.

453 3283 659 3388 Αὐρηλίαν,
677 3314 759 3363 nam
781 3291 949 3364 omiserat
973 3290 1073 3388 prior
1099 3290 1266 3363 lacunam
1285 3314 1393 3386 quam
1417 3291 1563 3389 explevi
1587 3317 1607 3364 e
1625 3295 1782 3393 vestigiis
1797 3295 1828 3365 in

451 3425 694 3488 monumento.
738 3415 782 3490 In
799 3439 833 3486 v.
849 3419 880 3486 3.
895 3414 1044 3488 Hamilt
1063 3419 1387 3490 ΛΩΝΙΟΝΥΙΟΝ.
1435 3417 1531 3490 Dein
1545 3419 1688 3493 Arund
1703 3447 1828 3517 πρωπ-

454 3565 562 3625 στου,
580 3551 617 3614 et
632 3540 670 3612 in
687 3539 822 3638 penult.
841 3565 905 3633 της
925 3566 1057 3634 operor
1077 3565 1264 3632 ετιμησεν,
1282 3538 1407 3614 durior
1423 3555 1460 3616 ct
1476 3565 1498 3614 a
1514 3567 1690 3619 marmore
1713 3547 1829 3644 impro

453 3663 539 3734 bata
563 3659 708 3758 ellipsis,
740 3661 799 3736 cui
834 3673 954 3736 tamen
993 3661 1135 3736 accedit
1163 3663 1346 3737 Franzius.
1416 3665 1460 3738 In
1487 3665 1558 3738 ult.
1581 3666 1732 3742 Hamilt.
1760 3676 1828 3742 ΑΝ·
1958 3759 1959 3762 ¹

455 3789 676 3858 ΔΡΙΑΝΤΑ.

497 3977 506 4000 ·
526 3971 597 4030 Infr.
611 3971 910 4030 decemviratus.
1213 3975 1225 4004 ⁸
1240 3969 1313 4029 Ibid
1326 3971 1413 4029 vola
1427 3990 1454 4048 p.
1466 3973 1532 4030 242.

497 4065 511 4094 ⁸
524 4067 630 4126 Fascio.
644 4086 672 4145 p·
681 4069 729 4128 54.
743 4086 771 4126 n.
782 4065 869 4132 3969.
1214 4068 1414 4140 ἀῈωεανάιιε,
1424 4079 1478 4128 etc.
1493 4090 1521 4128 n.
1532 4073 1599 4131 454.

496 4166 695 4226 *Demens
717 4167 749 4224 in
767 4164 842 4226 Atio
855 4165 964 4237 Minor,
978 4166 1128 4245 voltpp.
1214 4167 1302 4226 ·Ubi
1316 4185 1395 4244 supr.
1408 4185 1436 4244 p.
1445 4167 1492 4227 54.
1511 4167 1635 4233 n.3970.

458 4267 524 4326 243.
536 4269 565 4327 5.
