3952 5238
157 605 274 652 rusca.
291 589 397 672 rua]
715 585 1040 658 APHRODISIAS.
1502 593 1565 658 267

156 771 382 860 imperatoriis
407 771 463 858 qui
488 771 626 861 effigiem
649 773 815 840 tutelarem
839 774 986 853 referunt,
1012 789 1046 842 et
1070 799 1140 863 quae
1169 775 1342 863 antiquitus
1370 775 1452 842 inter
1479 801 1565 844 sacra

158 881 330 972 mysteriis
345 881 551 971 circumsepta
570 894 691 948 mentes
715 881 881 948 hominum
906 883 1069 949 radiorum
1091 885 1248 962 movebat,
1268 883 1396 948 omnino
1410 897 1447 949 ut
1462 884 1566 972 Ephe-

158 989 230 1056 sios
245 986 512 1064 multimammia·,
528 985 581 1054 cui
595 985 767 1074 elegantias
788 1009 859 1052 suas
876 999 949 1052 aetas
963 985 1118 1053 recentior
1131 999 1165 1052 et
1178 986 1307 1074 ingenia
1323 986 1501 1054 excultiora
1514 987 1566 1052 ad-

162 1094 357 1164 sciverunt.
404 1093 470 1160 Sed
483 1106 520 1158 ut
533 1116 649 1172 rerum,
664 1091 710 1158 sic
733 1105 766 1160 et
779 1091 945 1158 nominum
966 1092 1109 1170 veniunt,
1130 1091 1256 1159 labente
1274 1116 1352 1170 avo,
1366 1094 1566 1160 mutationes.

161 1199 353 1276 Cesserunt,
368 1211 406 1266 ut
419 1197 540 1266 dictum
559 1210 607 1264 est
628 1219 731 1284 supra,
747 1195 951 1284 appellationi
965 1221 984 1262 a
998 1195 1086 1261 cultu
1097 1195 1233 1262 Veneris
1256 1195 1362 1284 petitae
1377 1197 1566 1284 antiquiores

159 1306 348 1394 Lelegum
369 1327 460 1371 novae
485 1303 686 1392 postmodum
711 1301 931 1391 Aphrodisias,
947 1301 1144 1390 Tauropoliu,
1160 1325 1231 1388 quaa
1256 1302 1360 1370 minus
1375 1303 1485 1369 odium
1499 1327 1566 1370 mo-

158 1413 267 1480 vebat
283 1409 534 1478 Christianorum
554 1410 634 1476 ritus
648 1409 856 1476 exsecrandos
878 1410 1033 1496 majorum
1055 1433 1183 1476 suorum
1198 1409 1417 1476 aversantium.
1462 1410 1564 1476 Irnmo

161 1532 199 1586 et
217 1519 294 1584 haec
312 1541 378 1583 non
395 1517 468 1584 satis
482 1516 609 1582 videtur
623 1515 698 1583 fidei
713 1515 874 1582 sinceriori
896 1516 1095 1582 studentibus
1118 1516 1263 1596 arrisisse,
1279 1516 1334 1602 qui
1349 1516 1486 1595 demum,
1502 1517 1565 1582 levi

161 1621 350 1690 mutatione
374 1619 465 1699 facta,
485 1621 521 1686 in
545 1619 745 1708 Stauropole'
768 1620 986 1688 constiterunt.
1037 1621 1106 1687 Nec
1131 1621 1258 1700 mirum,
1282 1645 1381 1708 quum
1404 1637 1437 1690 et
1461 1623 1565 1712 ipsum

159 1753 291 1798 nomen
307 1725 494 1815 Tauropolis
520 1725 561 1792 ad
581 1737 723 1813 tempora
737 1723 934 1792 ethnicorum
949 1724 1166 1812 pertinuerit',
1183 1738 1216 1791 et
1235 1724 1362 1794 fortasse
1373 1751 1446 1792 cum
1460 1727 1564 1794 studio

158 1832 423 1924 spectaculorum
447 1831 718 1919 ταυροκαθαψίων.
738 1854 757 1896 a
780 1829 894 1916 quibus
919 1830 1127 1898 abhorrebant
1151 1830 1333 1910 Christiani,
1360 1833 1564 1919 conjunctum

159 1954 241 2010 ων.
289 1937 400 2004 Nihilo
414 1936 518 2004 minus
533 1950 654 2004 certum
668 1950 715 2004 eat
728 1961 844 2006 nomen
855 1937 1096 2026 Aphmdisiadis
1111 1937 1291 2025 perdurasse
1300 1961 1399 2023 usque
1414 1939 1454 2004 ad
1469 1963 1564 2005 saecu-

159 2049 235 2116 lum
262 2045 433 2132 quintum,
458 2067 521 2130 quc
544 2055 681 2110 excunte
707 2056 739 2110 et
765 2043 1027 2132 Asclepiodotum
1050 2042 1308 2108 Alexandrinum
1327 2043 1445 2112 vixisse
1469 2069 1563 2130 quem

159 2153 297 2222 civitati
325 2149 451 2217 illorum
479 2149 684 2238 ascripserant
714 2149 985 2238 Aphrodisienses,
1008 2148 1236 2237 superstitionis
1259 2172 1389 2238 pagane
1413 2150 1563 2216 instaura·

159 2277 284 2336 torem,
295 2257 350 2343 qui
362 2255 494 2346 proinde
502 2255 654 2320 honorem
668 2277 761 2320 suum
771 2253 936 2340 antiquum
946 2253 1134 2342 Aphrodita
1144 2252 1385 2319 restituendum¹
1394 2254 1558 2322 curaverit.

158 2367 308 2433 Dicetur
321 2387 422 2452 porro,
438 2385 494 2454 cur
507 2354 573 2426 non
590 2359 704 2427 Civitas
719 2358 851 2439 Veneni,
866 2381 965 2446 quum
979 2357 1013 2425 iu
1028 2371 1168 2445 tempore
1178 2357 1295 2426 Leonis
1304 2357 1331 2424 Ι.
1346 2357 1397 2438 δὶς
1412 2364 1563 2448 νεωκόροι

160 2469 353 2539 audiverint
369 2466 535 2535 Sardiani⁸.

234 2577 373 2655 Plarasa,
396 2573 583 2664 oppidulum
605 2571 658 2639 vel
683 2572 789 2638 vicum
813 2571 849 2636 in
870 2569 988 2636 vicinia
1011 2569 1159 2659 positum,
1185 2583 1338 2636 memorat
1363 2569 1561 2658 Stephanus;

159 2684 296 2752 nummi
314 2707 416 2771 porro,
433 2680 627 2768 conjunctim
652 2705 726 2747 cum
739 2679 984 2768 Aphrodisiade,
1000 2693 1032 2745 et
1047 2678 1158 2744 titulus
1173 2679 1286 2744 citatus
1301 2702 1396 2766 supra
1411 2703 1453 2744 ex
1469 2678 1560 2744 Chia-

158 2789 330 2860 hullianis.
374 2790 424 2855 De
444 2787 493 2853 his
512 2786 630 2875 profert
652 2783 838 2851 sententiam
854 2782 1049 2849 doctissimus
1064 2781 1258 2860 Btckhiusb;
1281 2786 1368 2848 credo
1382 2782 1516 2847 Plarasa
1537 2795 1564 2848 ct

157 2899 430 2989 Aphrodrhicdcm
443 2896 483 2960 ab
497 2893 690 2982 incusatae
703 2895 780 2960 uicos
798 2891 930 2969 Cariaca,
945 2891 1104 2976 mdcmqw
1125 2887 1321 2976 Taumpolin,
1337 2913 1441 2975 cosqaa
1455 2901 1561 2976 postca

157 3013 196 3074 ia
211 3027 313 3072 uuam
336 3003 507 3090 compositos
520 3001 626 3066 urbam
638 3022 706 3066 case.
751 2995 856 3084 Atqui
870 2996 928 3062 vix
942 2995 1148 3062 concesserim
1164 2993 1376 3082 Tauropolem
1391 2994 1486 3060 fuisse
1501 2995 1562 3060 dis·

158 3119 304 3184 tinctam
329 3115 368 3180 ab
388 3109 631 3201 Aphrodisiade.
689 3106 823 3176 Nummi
848 3106 1016 3195 perhibent
1042 3094 1165 3193 (ΑΦΡ)
1182 3099 1417 3168 ΟΔΙΟΙΕΩΝ
1430 3147 1440 3167 .
1454 3100 1562 3168 ΠΛΑ-

160 3223 413 3302 ΡΑΣΕΙΩΝἍ
430 3225 518 3292 nulla
530 3223 690 3290 mentione
704 3222 786 3288 sacta
797 3217 1089 3308 Tauropolitarum3
1112 3217 1252 3306 duplices
1262 3240 1355 3304 porro
1365 3216 1563 3305 magistratus

156 3339 196 3404 in
213 3333 405 3411 autonomis‚
422 3355 501 3418 quos
518 3331 591 3418 jure
606 3327 741 3415 conjecit
756 3325 943 3393 llclrhelius‘¹
958 3325 1051 3390 firiase
1074 3324 1159 3390 hunc
1174 3322 1414 3401 Plataeensium,
1430 3322 1562 3388 alterum

162 3438 477 3532 Aphrodisiensium.
520 3437 647 3502 Horum
661 3432 883 3523 oppidulorum
895 3455 1006 3498 censeo
1015 3429 1283 3519 Aphrodisiadem
1300 3431 1385 3516 (quae
1400 3429 1560 3494 etTauro·

157 3547 264 3640 polis)
282 3543 419 3634 primum
434 3543 566 3633 gradum
582 3537 762 3616 obtinuisse,
777 3537 863 3604 unde
881 3535 998 3604 factum
1012 3549 1050 3602 ut
1059 3533 1242 3614 Christiani,
1257 3548 1419 3600 exsecrato
1433 3534 1561 3600 nomine

193 3739 205 3766 ⁰
223 3733 265 3780 Ita
270 3731 342 3778 vertit
350 3726 521 3793 πολῦμαστος
528 3727 552 3776 S.
562 3727 696 3788 Hierunym
706 3725 731 3772 ln
741 3725 839 3772 Prcoem
922 3728 933 3764 t
949 3721 1009 3768 Vide
1021 3718 1110 3768 Bdckh
1125 3717 1169 3784 (cx
1179 3713 1290 3780 Pocock.)
1303 3717 1338 3764 tit
1351 3719 1422 3765 2712.
1434 3721 1471 3765 14.

157 3823 191 3870 ad
203 3817 373 3880 Epist-Ephea
385 3817 444 3863 msd.
455 3811 670 3862 VrdeEckbechl.
682 3825 710 3859 11.
721 3825 744 3871 p
754 3811 838 3859 tlara
921 3814 932 3839 ⁸
948 3807 1011 3855 scta
1022 3808 1047 3854 in
1056 3821 1078 3852 r.
1091 3801 1318 3864 Ἀσκληπιόὸοτος.
1360 3803 1418 3850 Erat
1436 3803 1560 3863 discipulus

195 3909 204 3938 ⁸
225 3900 416 3951 Eckhdvohu.
428 3901 516 3960 pblt.
890 3891 972 3950 Procli,
992 3891 1102 3952 magister
1117 3889 1239 3948 Damaseil,
1257 3903 1289 3935 ax
1305 3901 1351 3948 quo
1363 3887 1559 3948 pluradeAscle-

193 3997 207 4022 ¹
227 3987 296 4038 Confi
307 3987 343 4034 tit.
355 3998 415 4033 xcv.
428 3987 450 4032 8.
466 3983 575 4044 stephan
589 3981 628 4030 De
640 3981 718 4030 ertit.
731 3994 769 4040 pp.
785 3981 838 4028 698.
889 3975 981 4034 plodoto
1001 3973 1079 4020 hausit
1097 3973 1200 4018 Photius.
1229 3971 1294 4022 Cant
1313 3968 1404 4020 Btckn
1421 3979 1467 4019 not.
1480 3974 1509 4020 ad
1521 3974 1557 4022 tit.

158 4079 221 4126 tta.
242 4072 414 4132 Porphymgen.
430 4069 534 4116 Tacen
548 4069 584 4116 14.
889 4061 960 4107 2851.

194 4168 206 4192 v
225 4157 289 4204 Vide
300 4155 414 4204 nonani
424 4159 482 4202 aad.
493 4153 518 4200 in
531 4151 680 4212 Stephanum,
693 4151 779 4210 cart.
920 4149 933 4176 ⁸
947 4143 992 4190 'llt
1001 4155 1057 4190 vm.
1068 4141 1094 4188 in
1105 4140 1214 4188 resecr.
1226 4155 1264 4201 pp.
1271 4142 1310 4188 4⁵.
1321 4141 1373 4189 158.

194 4250 213 4276 v
227 4239 295 4290 ecus
313 4238 421 4298 stephan
436 4238 523 4298 cass.
539 4236 666 4296 itarumqua
683 4234 708 4281 in
726 4235 780 4284 tta.
796 4233 838 4280 rub
920 4225 932 4260 ὓ
948 4229 1015 4287 Corp.
1024 4227 1094 4272 Inscr.
1103 4225 1148 4272 vol.
1157 4238 1185 4272 11.
1197 4227 1283 4285 aaut.
1295 4227 1318 4274 b.

159 4344 228 4382 mm.
244 4320 400 4388 Χρυσαορίς.
919 4319 930 4346 ⁰
946 4312 1040 4360 Eckhel.
1048 4309 1093 4358 vol.
1103 4323 1131 4357 11.
1143 4325 1166 4370 p.
1174 4311 1228 4359 stt.
1242 4311 1265 4358 b.

194 4421 209 4447 ¹
228 4411 291 4459 Vita
301 4407 404 4456 rolovec
416 4407 452 4454 tt
462 4407 501 4455 20.
513 4419 535 4465 p.
544 4406 598 4454 tat.
610 4402 651 4452 ubl
661 4416 722 4463 supr.
919 4397 931 4432 ἅ
949 4399 995 4447 Ubi
1007 4412 1067 4458 supr.
1079 4411 1102 4456 p.
1114 4398 1170 4444 576.
1181 4409 1204 4444 s.

821 4483 918 4548 2κῖ
