3956 5248
201 545 494 626 msos.onxxxv1.]
654 537 967 606 ALEXANDRIA
990 537 1152 605 TROAS.
1529 542 1590 608 389

201 731 342 796 κοίιντων
356 725 609 813 Ἀλεξάνδρειον.
655 728 811 812 θεμίστην
826 727 890 812 γὰρ
911 723 1189 802 ἐξαποστείλαντες
1207 725 1271 812 μετ’
1286 723 1414 813 ἆνδρῶν
1436 755 1591 814 τετρακισ-

201 834 326 922 χιλίων,
350 835 468 902 ἔλυσαν
482 840 539 918 μὲν
555 836 613 910 τὴν
629 831 749 900 Ἰλιέων
760 831 961 916 πολιορκίαν,
986 829 1144 918 ἐξέβαλον
1160 830 1187 899 d’
1203 835 1234 899 ἐκ
1249 833 1353 911 πάσης
1368 842 1422 910 τῆς
1438 833 1590 920 Τρωάδος

201 945 276 1018 τοὺς
293 941 451 1018 Γαλάτας,
477 939 700 1025 ἐμποδίζοντες
713 951 783 1018 ταῖς
803 943 981 1027 χορηγίοις,
1005 945 1054 1006 καὶ
1070 937 1343 1023 διαλομοινόμενοι
1362 941 1420 1016 τὰς
1431 938 1590 1027 ἐπιβολὰς

203 1046 316 1113 αὐτῶν.
373 1045 420 1110 Ηί
449 1059 538 1111 erant
567 1045 750 1133 Tectosages
779 1067 857 1129 quos
883 1042 1082 1110 arcessiverat
1109 1043 1238 1108 Attalus
1262 1043 1290 1107 Ι.
1314 1043 1525 1131 Pergamenus
1552 1044 1592 1110 ad

199 1149 317 1216 bellurn
347 1173 421 1216 cum
436 1149 567 1225 ¹Achaeo
596 1147 857 1236 prosequendum,
887 1148 1063 1234 quibusque
1091 1161 1198 1235 postea
1227 1147 1313 1214 sedes
1342 1147 1471 1215 dederat
1494 1150 1591 1236 juxta

203 1253 470 1342 Hellespontum.
514 1252 622 1318 Refert
640 1275 764 1338 quoque
780 1251 932 1338 Polybius
959 1250 1042 1336 quod
1066 1250 1151 1316 idem
1176 1275 1244 1330 rex,
1267 1253 1473 1321 auxiliaribus
1490 1257 1589 1344 copiis

201 1357 344 1437 dimissis,
358 1357 448 1424 donis
458 1372 586 1446 propter
600 1355 696 1422 fidem
711 1381 786 1445 erga
800 1379 872 1422 erun
888 1371 1040 1423 servatam
1052 1356 1287 1423 Alexandrinos
1301 1359 1430 1448 excepit
1443 1385 1589 1428 unacum

202 1464 421 1553 Lampsacenis
440 1477 472 1530 et
492 1463 680 1542 Iliensibus3
703 1487 744 1529 so.
761 1468 957 1552 χρηματίσας
978 1463 1212 1551 φιλανθρώπως
1228 1468 1462 1551 Λαμψακηνοῖς,
1480 1469 1588 1546 Ἀλεξ-

201 1573 376 1662 ανδρεῦσιν,
389 1574 526 1650 Ἰλιεῦσι,
540 1571 589 1641 διὰ
604 1577 640 1642 τὸ
655 1578 842 1660 τετιμηκέναι
857 1572 988 1649 τούτους
1003 1574 1061 1650 τὴν
1075 1574 1158 1660 πρὸς
1172 1572 1269 1640 αὐτὸν
1280 1572 1410 1650 πίστιν“,
1427 1585 1462 1636 ut
1475 1572 1591 1640 fecerat

202 1695 293 1746 antea
309 1679 502 1768 Smymaeisb.

266 1785 429 1852 Virtutem
447 1784 532 1850 haud
558 1785 663 1850 minus
682 1799 875 1874 perspectam
890 1785 1047 1873 fidemque
1062 1785 1250 1873 prestabant
1264 1784 1318 1872 qui
1338 1785 1479 1872 superbis
1495 1786 1590 1852 Anti-

202 1897 272 1965 ochi
297 1897 409 1987 Magni
432 1895 569 1962 consiliis
595 1896 761 1982 trajectum
782 1895 816 1960 in
832 1895 986 1962 Graeciam
1008 1893 1145 1982 parantis
1168 1893 1343 1960 obstabant.
1388 1893 1497 1959 Verba
1517 1909 1590 1960 sunt

202 2002 299 2068 Livir
307 2029 315 2082 ;
344 2001 417 2068 Tres
431 2003 510 2067 euim
524 2002 651 2065 amatu
665 1999 808 2075 autaut
824 1999 966 2086 asyma,
983 1997 1209 2065 etAlaaaudn'a
1229 1997 1336 2073 Ττοαι,
1352 2009 1378 2063 ct
1389 1997 1589 2086 Lampsacus,

201 2132 275 2196 quaa
289 2130 382 2194 acqua
403 2106 433 2169 οἱ
454 2127 628 2192 expugnare
642 2105 684 2167 ad
697 2125 764 2169 earu
785 2104 866 2169 diem
882 2113 1015 2190 poterat,
1038 2125 1131 2190 ucqtsc
1146 2104 1365 2168 condatiom'bua
1378 2106 1412 2169 a'n
1426 2107 1590 2170 amicitiam

196 2215 350 2302 perlicere,
373 2235 466 2300 τωρωι
490 2236 510 2276 a
534 2223 619 2297 tergo
638 2211 812 2297 relinquere,
838 2212 989 2299 trajicies
1012 2212 1123 2298 ipsein
1143 2211 1316 2298 Europam,
1336 2212 1457 2278 uolebat
1502 2211 1589 2277 Hinc

194 2323 322 2408 joaauu
344 2342 417 2384 cnm
442 2317 644 2406 Lysimachia
657 2321 691 2383 in
704 2320 964 2406 disceptationibus
977 2319 1152 2407 legatorum
1167 2317 1321 2384 Antiochi
1343 2343 1415 2385 curn
1441 2319 1591 2386 Romanis

201 2425 311 2492 edocet
335 2439 442 2512 postea
464 2423 657 2488 historicusd.
701 2423 770 2490 Nec
784 2424 1014 2490 Alexandriam
1035 2425 1201 2513 spernebat
1215 2423 1317 2490 Musa.
1363 2423 1590 2491 Memoratura

201 2531 338 2597 Laertio⁰
363 2530 464 2618 Lyco,
493 2551 581 2616 paene
607 2529 689 2594 inter
717 2527 919 2618 philosophos
948 2528 1069 2618 Pylius,
1099 2528 1155 2616 qui
1184 2527 1461 2618 Pergamenorum,
1486 2531 1589 2595 Attali

202 2637 425 2724 Eumenisque,
449 2635 619 2704 amicitiam
644 2649 807 2715 meruerat,
828 2637 942 2704 deinde
957 2636 1121 2702 Antiochi.
1167 2636 1335 2702 Lucullum
1352 2660 1488 2722 quoque,
1505 2639 1589 2724 apud

200 2741 284 2809 cives
307 2743 375 2828 ejus
399 2759 636 2822 commoratum,
652 2767 725 2809 cum
743 2743 836 2811 laude
858 2744 1003 2810 meminit
1017 2743 1161 2823 Tullius‘,
1184 2743 1239 2830 qui
1258 2744 1311 2809 vel
1333 2742 1367 2808 in
1393 2743 1468 2832 ipsis
1483 2745 1589 2812 castris

200 2847 374 2914 litterarum
402 2847 542 2914 studium
572 2847 658 2914 haud
687 2850 873 2939 neglexerit,
904 2851 1022 2939 quippe
1052 2875 1125 2917 curn
1154 2848 1350 2939 philosophis
1378 2849 1588 2916 celebenimis

200 2953 362 3019 Antiocho
377 2968 409 3019 et
420 2954 582 3020 Heraclito
596 2955 790 3023 familiariter
803 2958 849 3024 ibi
863 2981 1073 3046 congressum.

265 3060 393 3126 Deinde
408 3059 575 3129 Octaviani
596 3063 733 3129 favorem
747 3089 819 3132 cum
834 3065 944 3131 ceteris
963 3065 1111 3131 meruisse
1131 3063 1228 3130 sertur
1242 3061 1450 3142 Alexandria,
1466 3063 1589 3128 colonia

199 3165 233 3232 in
256 3189 325 3232 eam
345 3165 489 3232 deducta.
534 3166 606 3234 Hoc
630 3167 764 3234 edocent
789 3191 882 3257 supra
902 3167 998 3246 citati,
1025 3167 1136 3234 Strabo
1152 3165 1348 3252 Pliniusque,
1371 3180 1403 3232 et
1424 3165 1588 3232 confirmat

200 3296 401 3338 nummorum
415 3272 503 3340 fides.

264 3376 402 3442 Herodis
416 3377 519 3443 Attici
530 3391 661 3465 experts
676 3391 723 3444 est
736 3377 935 3465 postmodum
949 3377 1168 3445 liberalitatem
1179 3377 1299 3454 civitas,
1312 3377 1376 3463 qui,
1385 3380 1588 3467 regnantibus

203 3479 364 3545 Hadriano
379 3492 412 3546 et
426 3481 495 3560 Pio,
512 3481 667 3572 insignem
682 3482 728 3549 ibi
743 3483 957 3574 magistratum
972 3485 1090 3574 gessitss.
1135 3485 1316 3552 Comuntur
1330 3486 1433 3551 adhuc
1448 3487 1587 3574 praeclari

199 3583 310 3674 operis,
326 3585 536 3672 aquaeductus,
552 3587 636 3672 quod
650 3587 685 3651 in
699 3587 952 3654 commoditatem
975 3587 1094 3654 civium
1117 3587 1300 3654 stmendum
1315 3603 1478 3656 curaverat
1500 3590 1586 3655 illus·

200 3692 254 3758 tris
269 3691 322 3758 ille
333 3691 549 3772 Atheniensis,
567 3693 708 3781 vestigia.

265 3797 344 3877 Quae
359 3813 499 3877 anteunt,
513 3823 660 3888 magnam
675 3815 805 3889 partem,
818 3802 1086 3868 confirmationem
1099 3826 1117 3866 a
1130 3799 1193 3866 fide
1213 3800 1429 3867 nomismatica
1444 3801 1586 3889 accipere

231 3999 241 4022 ¹
257 3991 315 4039 lbid
327 4005 347 4038 c.
360 3991 399 4039 78.
408 3993 429 4038 6.
952 3987 1005 4034 ‘ln
1020 3986 1061 4033 rit
1078 3983 1163 4032 runos
1179 3999 1202 4031 r.
1220 3987 1258 4032 ot.
1275 3999 1305 4032 sa
1324 3985 1388 4034 conl.
1407 3985 1479 4034 Cicer.
1493 3987 1584 4035 Tuaenl.

231 4077 317 4124 ⁸1bta
916 4085 955 4120 ιιι.
975 4074 1013 4119 tt.
1040 4070 1123 4117 moun
1143 4075 1178 4117 est
1192 4075 1216 4117 ot
1235 4069 1316 4130 Glyco,
1336 4077 1428 4130 propter
1442 4071 1585 4121 duloedinem

230 4161 242 4194 θ
259 4161 317 4210 lbld.
330 4161 374 4220 tt.
915 4157 1037 4205 orationis:
1054 4155 1101 4202 rid
1111 4155 1233 4202 Ruhnken.
1244 4155 1276 4202 ad
1288 4154 1360 4202 aaut
1379 4155 1435 4216 Lup.
1446 4170 1468 4216 p.
1480 4159 1519 4205 st

229 4255 241 4280 ⁶
257 4247 320 4296 libr.
336 4257 412 4293 xxxv.
422 4245 461 4292 tt.
948 4240 957 4274 ί
976 4243 1062 4298 Queat
1074 4240 1146 4288 Δανα
1159 4253 1175 4287 ι
1189 4243 1211 4288 2.
1221 4243 1244 4287 4.

228 4332 241 4365 ⁴¹
257 4333 318 4381 Hbs.
330 4343 431 4379 xxxvii.
444 4331 482 4378 tt.
948 4332 960 4367 τ
976 4323 1085 4372 Philostr.
1098 4323 1146 4370 vit.
1156 4321 1255 4384 sapum
1266 4333 1345 4369 xxvii.
