3992 5240
176 593 283 638 isses.
295 594 368 639 τοι.
385 594 468 640 riso.
480 579 520 661 1.]
803 573 989 640 SARDES.
1509 585 1570 648 173

319 762 588 870 μητροπόλεως
630 763 677 847 τὰ
718 766 1006 870 ὑποτεταγμένα·
1086 771 1322 874 Κατηγορίας
1365 771 1567 881 διαφόρους

323 895 505 1004 δεξαμένη
535 898 558 999 ἦ
592 901 644 998 σῆ
675 893 928 998 θαυμασιότης
953 895 1048 980 κατὰ
1066 898 1256 1008 διαφόρων
1281 911 1402 1004 τινῶν,
1428 911 1487 987 καὶ
1507 913 1566 988 θε-

321 1029 425 1132 μένη“
444 1031 628 1134 μέγιστον
645 1029 783 1135 με’τρον
801 1037 874 1110 τῶν
893 1039 1047 1137 τεχνῶν,
1079 1037 1127 1120 ὡς
1156 1037 1456 1142 ἐγχειριζομένων
1476 1040 1568 1146 ἔργα

322 1161 538 1264 οἷκοδομικὰ
556 1164 617 1242 καὶ
635 1163 750 1262 ἀτελῆ
771 1159 818 1241 τὰ
840 1159 935 1241 αὐτὰ
953 1163 1313 1265 καταλιμπανόντων
1332 1174 1393 1251 καὶ
1411 1173 1563 1272 ἐμποδι-

322 1294 459 1402 ζόντων
483 1304 560 1383 τοῖς
579 1291 806 1402 ἐργοδότας,
826 1295 1087 1377 ἀναστείλασα
1108 1295 1147 1378 δὲ
1171 1345 1562 1365 ---------

324 1473 1177 1492 ...................
1207 1437 1397 1539 [deficiunt
1414 1467 1470 1515 W·
1488 1444 1563 1544 24¹]

180 1665 303 1737 38-45.
324 1655 439 1763 ἑαυτῷ
457 1658 628 1762 τεχνίτην
646 1655 698 1762 τῷ
724 1649 1029 1756 ἐργολαβήσαντι
1059 1688 1102 1734 το
1134 1700 1381 1717 ······
1412 1661 1473 1738 καὶ
1504 1694 1564 1738 νο·

321 1796 433 1888 οῦμεν
452 1787 499 1870 τὰ
517 1785 710 1871 δεινότατα
728 1781 993 1890 περιπεσόντα,
1014 1782 1080 1868 τόν
1099 1787 1269 1892 τεχνίτην
1288 1787 1407 1870 εἴκοσι
1430 1789 1567 1894 ἡμέρας

320 1921 528 2024 περιμένειν
541 1918 607 2003 τόν
627 1914 842 2024 ἐργοδότην,
870 1915 965 2016 μετὰ
984 1915 1024 1996 δὲ
1043 1913 1111 2019 τὴν
1137 1917 1340 2025 ε’ξελασίαν
1358 1927 1431 2001 τῶν
1446 1921 1566 2002 εἴκοσι

180 2133 347 2192 sudiebsnt
374 2135 394 2192 J
396 2135 547 2193 urisdictio
560 2137 595 2194 iis
609 2135 717 2193 trsdits
729 2143 774 2192 est
784 2142 849 2190 tum
899 2134 990 2204 nient,
1005 2155 1063 2194 non
1075 2156 1148 2214 opus
1161 2144 1253 2195 estut
1267 2136 1415 2194 disseram.

179 2230 211 2286 in
232 2230 297 2287 eliis
323 2232 418 2300 rebus,
440 2241 505 2290 tum
531 2233 562 2289 in
581 2232 789 2309 negotiisque
813 2228 849 2286 sd
938 2231 1002 2287 ‘V.
1018 2233 1061 2290 ll.
1103 2231 1282 2290 Sententiols
1296 2234 1566 2310 ιιρίιη......τιχιὸι

179 2327 342 2386 evectiones
354 2331 597 2404 (post-narrante:
623 2331 846 2389 Pitisc.t0m.11.
898 2329 1016 2387 videtur
1036 2329 1196 2388 thlckbio
1215 2331 1285 2406 poni
1304 2333 1387 2408 qussi
1410 2333 1441 2390 in
1463 2353 1565 2411 peren-

177 2445 206 2502 p.
219 2427 284 2482 112.
299 2425 337 2500 s)
351 2428 543 2502 pertinebunt.
899 2425 994 2496 thesi;
1015 2447 1130 2485 sensum
1143 2447 1211 2486 vero
1233 2447 1263 2486 se
1285 2431 1427 2489 extricere
1447 2434 1567 2508 nequire

221 2525 294 2582 Erat
308 2545 394 2600 porro
403 2527 580 2585 Aurelianus
590 2523 694 2592 διδους,
709 2545 760 2606 per
771 2525 849 2602 quod
898 2523 1054 2600 profitetur
1066 2527 1112 2584 vir
1125 2526 1316 2586 doctissimus.
1356 2528 1385 2586 N
1385 2549 1417 2588 ec
1429 2529 1491 2608 ipse
1503 2531 1566 2591 seli-

179 2623 308 2699 explicet
316 2622 480 2700 Hesychius
488 2620 605 2704 διαίτης
616 2643 666 2682 seu
679 2621 735 2692 διο.
756 2623 850 2679 Erant
899 2619 966 2676 cior.
997 2620 1158 2678 Frenckius
1166 2621 1313 2681 duriorem
1323 2627 1566 2686 constructionem

180 2740 284 2798 nempe
297 2721 320 2778 oi
333 2718 424 2779 ἶιδιιιιι
438 2722 599 2782 defensores
612 2723 681 2780 cleri
704 2721 734 2778 in
756 2721 850 2778 causis
900 2717 975 2774 vitet
988 2719 1141 2794 preposito
1154 2723 1208 2786 ul,
1223 2719 1301 2796 quod
1319 2721 1564 2797 etipsesecersm‚

181 2837 273 2892 quum
282 2817 482 2877 criminalibus
491 2829 556 2877 tum
566 2821 715 2878 civilibus:
727 2819 850 2877 ecclesie
900 2815 1041 2874 nimirum
1053 2825 1090 2874 ut
1103 2815 1239 2875 decurret
1252 2817 1352 2887 cretio,
1367 2828 1393 2876 et
1405 2820 1483 2877 modo
1496 2822 1565 2878 uni-

180 2935 305 2993 quoque,
327 2925 357 2975 et
376 2919 428 2993 qui
447 2919 669 2996 appellabuntur
689 2918 712 2976 oi
725 2925 770 2976 τοῦ
781 2920 849 2994 βήμ-
891 2913 995 2992 ficibus
1015 2916 1244 2990 quipoetico
1267 2924 1397 2974 rutnans
1417 2919 1566 2978 constituto.

180 3039 252 3085 ητις,
271 3015 307 3072 de
327 3017 435 3092 quibus
460 3037 556 3094 presse
574 3017 711 3076 Suicerus
732 3017 763 3074 in
780 3017 849 3074 The·
901 3011 965 3068 Hec
982 3011 1093 3069 ratione
1106 3021 1150 3070 est
1163 3015 1254 3089 τιχιὸι
1273 3016 1499 3092 metonymicum
1513 3037 1566 3095 pro

179 3113 609 3194 saur.Eccl.tom.1.p.1045.
650 3117 849 3174 Memorsntur
898 3111 1026 3183 τιχιιτῧι,
1044 3129 1164 3186 prorsus
1186 3111 1274 3169 utin
1292 3122 1391 3170 nostro
1412 3117 1566 3175 vernaculo

180 3233 297 3290 qnoque
310 3210 410 3282 ἶιδοιοι,
424 3214 585 3274 defensores
598 3216 760 3284 civitatum,
772 3215 850 3291 quis
898 3209 997 3278 trades,
1012 3209 1059 3266 rel
1071 3208 1226 3285 legendum
1238 3212 1355 3284 πχιιτῗιι
1369 3211 1473 3286 ipsum
1509 3215 1566 3272 At-

179 3310 299 3380 clericis,
322 3311 490 3382 curialibus,
515 3311 637 3388 aliisque
657 3311 849 3370 nobilioribus
899 3307 951 3384 qui
963 3308 1010 3366 vel
1028 3308 1069 3364 sic
1092 3307 1215 3366 durities
1234 3317 1339 3367 munet.
1379 3311 1455 3368 Dedi
1476 3315 1566 3388 θεμένη,

180 3409 364 3485 eligebantur
377 3419 413 3466 ut
426 3408 619 3486 patrocinium
636 3427 737 3467 eorum
757 3427 849 3485 popu·
899 3407 970 3464 viris
984 3405 1076 3464 doctis
1095 3407 1193 3482 quiin
1215 3406 1270 3466 hoc
1283 3409 1468 3468 consentiunt
1486 3412 1566 3470 obse·

180 3508 261 3583 lique
287 3508 417 3565 universi
443 3508 629 3583 susciperent.
685 3506 730 3564 De
761 3503 847 3574 hisce,
899 3511 1024 3580 quutus:
1038 3512 1168 3578 poteram
1181 3523 1249 3562 vero
1262 3504 1318 3562 slis
1329 3505 1423 3582 plurs,
1434 3513 1567 3566 nNANH

179 3609 290 3682 quibus
315 3607 435 3664 fortasse
458 3606 636 3664 Aurelianus
658 3602 849 3663 accensendus
899 3602 946 3660 vel
959 3611 1204 3660 ΩΝΤΙΝΩΝΑΝΗ
1218 3603 1265 3660 vel
1281 3603 1367 3660 etiem
1387 3613 1567 3672 οΙΩΝΑΝΗ,

180 3719 232 3776 est,
255 3705 338 3764 sdess
352 3705 511 3764 constitut
531 3705 639 3762 Eccles
658 3703 708 3762 cit.
731 3703 763 3760 in
782 3701 849 3761 Sui·
900 3701 969 3759 setis
990 3699 1027 3758 sd
1050 3701 1173 3778 speciem
1195 3709 1350 3760 ΘΕΜΕΝΗ
1371 3703 1402 3760 in
1426 3723 1567 3765 marmore

180 3825 235 3862 cer.
260 3823 290 3864 u.
305 3823 326 3860 s
344 3823 372 3880 p.
389 3799 472 3862 1046.
489 3821 557 3860 cum
581 3802 673 3861 Gloss
688 3801 797 3860 Meurs.
819 3809 849 3858 et
899 3800 1055 3856 imminuto
1076 3799 1245 3869 accedentia,
1266 3821 1368 3878 nempe
1383 3798 1414 3859 δι
1428 3800 1459 3860 lb
1473 3802 1495 3884 ᾗ,
1511 3815 1565 3864 etc.

179 3903 280 3961 Pitisc.
293 3902 427 3960 Levis-11.
442 3921 469 3978 p.
481 3903 527 3960 20.
542 3902 571 3959 b.
600 3899 694 3968 Quem
704 3899 848 3974 beneque
899 3908 935 3956 ut
948 3900 989 3956 sic
1002 3897 1138 3976 procedet
1151 3899 1300 3970 sententis,
1315 3901 1355 3958 cd
1365 3920 1431 3977 quos
1444 3905 1566 3962 manime

180 4005 210 4059 in
225 4001 316 4060 titulo
337 4009 536 4058 memorentur
549 3998 584 4056 de
597 3997 848 4056 criminationibus
893 3999 1054 4074 pertineant
1066 4006 1147 4068 οτιιι,
1162 3997 1193 4054 in
1203 4005 1292 4056 nostr.
1307 3998 1364 4055 celto
1378 4001 1512 4075 comptius
1525 4002 1566 4060 the

179 4113 208 4160 et
219 4103 250 4158 in
261 4101 399 4158 locutores
408 4099 659 4176 redemptoresque
667 4097 744 4174 opud
753 4097 849 4174 ipsum
899 4099 1028 4174 majority
1037 4097 1074 4171 of
1079 4096 1121 4154 tlte
1133 4097 1224 4154 trudes
1231 4095 1372 4174 employed
1380 4099 1411 4156 in
1420 4099 1461 4158 tlte
1471 4101 1565 4158 works.

179 4199 375 4258 Aurelianum
397 4199 472 4268 letis,
500 4216 625 4274 querum
651 4195 695 4254 hae
718 4197 848 4272 cognite,
900 4197 965 4254 Hoc
975 4195 1093 4254 videtur
1103 4215 1164 4253 rem
1172 4196 1241 4254 setis
1252 4195 1566 4274 expedireinorstione

179 4299 236 4356 ille
260 4307 361 4356 contre
381 4297 475 4356 misse
496 4299 533 4356 sb
556 4317 589 4355 eo
607 4297 688 4354 fecte
702 4295 848 4366 videntur,
900 4297 997 4354 minus
1010 4295 1157 4356 concinne.

179 4416 247 4454 cum
271 4413 390 4453 munere
406 4393 540 4468 judiciali
561 4399 607 4452 τοῦ
630 4389 727 4451 ἐνδίκου
748 4412 849 4452 conve·
